2315 3868
757 304 952 348 TROGI
987 305 1256 349 POMPEII.
1775 317 1792 342 1
1807 316 1829 355 7
1841 317 1869 359 Ε)

553 463 617 498 ΙΝ
665 462 1030 497 PROLOGUM
1075 465 1250 498 LIBRI
1296 465 1464 499 xxlv.

219 578 330 623 Cum
364 580 520 622 Monio
553 575 730 635 Illyrio.
767 579 881 622 Cod.
916 579 1056 623 Paris.
1090 581 1288 639 Mytilo,
1325 582 1452 638 quod
1479 583 1653 640 recepit
1682 584 1874 625 Grono-

145 655 244 699 vius
276 671 333 699 ex
363 656 564 714 prologo
596 656 836 712 sequenti,
861 665 905 699 et
928 656 1044 700 mihi
1076 672 1261 716 quoque
1287 657 1540 713 arrideret,
1568 657 1656 703 nisi
1685 658 1731 700 in
1767 659 1871 701 Jus-

147 735 247 774 tino
265 732 335 774 bis
353 747 438 789 pro
457 732 617 774 Mom’o
635 732 866 790 legeretur
884 734 1048 792 Belgio
1063 766 1076 786 ‚
1097 734 1175 792 qui
1193 733 1289 777 dux
1314 733 1548 777 Pausaniae
1573 733 1765 793 Bolgius
1793 742 1874 777 est.

570 875 636 908 IN
680 875 1045 910 PROLOGUM
1092 875 1264 910 LIBRI
1311 875 1457 910 XXV.

220 992 331 1034 Cum
364 1009 473 1052 rege
506 994 738 1037 Antiocho
772 1005 817 1037 et
846 995 1081 1053 Bc‘tlzync'o.
1117 996 1376 1040 Subaudito
1408 1012 1540 1057 rege,
1580 1005 1624 1040 et
1658 995 1877 1053 Bithym'o

145 1068 371 1126 adjective
401 1079 616 1128 sumpto,
649 1087 745 1113 non
777 1080 930 1114 autem
958 1087 1045 1129 pro
1076 1073 1267 1116 nomine
1289 1074 1501 1132 proprio.
1535 1072 1877 1116 Freinshemius

146 1145 349 1188 correxit
380 1146 630 1204 Bithynis,
670 1147 798 1205 quod
828 1147 944 1190 mihi
979 1164 1166 1207 quoque
1197 1150 1363 1208 placet.

216 1222 346 1277 Quas
370 1224 577 1281 regiones
601 1224 757 1266 Felini
777 1234 1069 1283 occuparunt.
1109 1227 1200 1268 Pro
1228 1226 1383 1268 Felinz'
1404 1225 1482 1268 alii
1518 1225 1700 1268 codices
1729 1224 1880 1267 Selini

143 1297 345 1352 habent,
373 1300 782 1357 Longeruaeusque
806 1300 996 1356 conjicit
1028 1301 1182 1352 Gall2·‚·
1216 1316 1302 1358 ego
1328 1310 1481 1344 autem
1516 1301 1757 1358 Bithynice
1797 1315 1878 1343 re-

144 1374 428 1431 ponendum.
459 1374 632 1417 Confer
662 1374 922 1429 Justinum,
956 1376 1108 1419 strab.
1129 1411 1140 1430 ‚
1175 1385 1218 1419 et
1241 1376 1454 1432 Livium,
1484 1378 1590 1420 loco
1622 1377 1824 1420 laudato.

553 1528 619 1562 IN
664 1527 1033 1563 PROLOGUM
1078 1529 1251 1564 LIBRI
1295 1531 1461 1565 XXVI.

211 1640 470 1697 Regemque
510 1639 969 1682 Lacedaemoniorum
995 1642 1138 1683 Area.
1173 1641 1326 1684 Modii
1363 1641 1506 1685 editio
1549 1642 1690 1685 habet
1725 1644 1866 1685 Lace-

145 1715 478 1757 dcemonc'orzmz
521 1716 709 1768 Arena,-
742 1713 846 1770 sed,
879 1723 929 1758 ut
957 1715 1022 1758 ait
1051 1717 1108 1759 D.
1140 1717 1375 1771 Lemaire,
1408 1733 1548 1776 quum
1592 1733 1791 1776 graecum
1825 1717 1882 1760 sit

146 1790 290 1854 Ᾰρευς,
322 1807 420 1833 non
462 1799 529 1833 est
571 1806 679 1843 cur,
717 1806 820 1833 cum
851 1791 1020 1835 Modio
1049 1800 1095 1835 et
1125 1793 1391 1847 Gronovio‚
1421 1809 1476 1835 ex
1506 1794 1607 1836 aliis
1642 1794 1880 1837 codicibus

146 1867 341 1925 recipias
370 1870 542 1910 Arean.

548 2010 611 2043 IN
658 2008 1016 2045 PROLOGUM
1063 2011 1243 2045 LIBRI
1287 2011 1486 2045 XXVII.

214 2122 288 2166 Ab
320 2123 508 2173 Attalo,
549 2121 748 2178 Zyelam
776 2120 1067 2178 Bithyniam.
1102 2122 1234 2164 Illam
1267 2122 1477 2164 Freinsh.
1505 2121 1882 2164 emendationem

152 2197 489 2241 confirmarunt
524 2196 694 2239 deinde
736 2196 829 2239 duo
870 2197 1068 2240 codices.
1112 2200 1258 2241 Antea
1298 2207 1514 2256 corrupte
1550 2198 1790 2256 legebatur
1823 2198 1884 2239 ab

154 2275 387 2318 Atalozioe
414 2274 741 2316 Lambz'tanum
753 2290 770 2327 ;
799 2273 990 2316 Modius
1022 2274 1234 2318 ediderat
1257 2276 1317 2316 ab
1342 2277 1508 2318 Attalo
1533 2275 1882 2325 Lctmbz'tunum,

150 2354 547 2408 Berneccerusque
571 2350 820 2408 legendum
848 2352 1147 2409 proponebat
1171 2351 1230 2393 ab
1246 2353 1433 2404 Attalo,
1464 2352 1692 2409 Zyboeam
1717 2350 1885 2407 Bithy-

153 2444 273 2470 num.

225 2505 431 2563 Oprona.
465 2502 660 2561 Thysius
692 2503 851 2545 Prona
880 2503 1055 2559 edidit,
1088 2504 1276 2547 Modius
1321 2505 1524 2562 Oprona⁰
1559 2506 1630 2547 An
1665 2502 1887 2561 Tryphon

151 2580 431 2638 legendum,
474 2578 721 2621 subaudito
759 2579 1081 2624 Ptolemaeus?
1114 2580 1188 2624 Sic
1233 2581 1373 2638 paulo
1409 2589 1515 2639 post
1553 2580 1744 2637 legitur,
1782 2593 1888 2621 cor-

151 2665 285 2714 rupte
308 2671 396 2714 pro
432 2655 695 2714 Tryphonis
714 2688 726 2706 ,
763 2656 1035 2714 Stryponio;
1072 2657 1166 2706 sic,
1190 2657 1393 2714 prologo
1425 2657 1536 2699 libri
1567 2672 1684 2708 xxx,
1724 2656 1887 2697 Uerus-

150 2733 326 2791 phonoe
351 2747 439 2790 pro
482 2731 745 2789 Tryphone.

574 2877 646 2909 IN
692 2877 1053 2912 PROLOGUM
1099 2878 1276 2911 LIBRI
1321 2878 1463 2910 XXX.

222 2990 352 3046 Rapa·
382 2989 425 3029 ei
447 3002 701 3045 poeamare
735 2988 1011 3046 Agatoclece
1057 2996 1297 3047 corruptus
1346 2984 1555 3029 decessit.
1612 2987 1669 3028 Is.
1700 2983 1893 3027 Vossius

156 3067 252 3107 haec
295 3051 446 3106 eruit:
482 3065 688 3122 turpique
715 3073 879 3121 postea
928 3079 1085 3106 amore
1131 3065 1425 3122 Agatoeleoe.
1468 3063 1781 3120 Longeruaeus
1828 3061 1891 3104 ita

159 3142 283 3183 hunc
306 3140 460 3182 locum
485 3138 597 3182 falsa
623 3139 922 3182 distinetione
945 3139 1188 3183 manifeste
1213 3140 1520 3197 depravatum
1546 3138 1786 3182 restituere
1810 3153 1892 3181 co·-

161 3227 297 3261 natur
329 3233 337 3258 :
367 3220 636 3274 rapiturque
661 3218 757 3276 ipsi
772 3217 1023 3275 prcemium
1046 3216 1359 3276 Agathoclea}²
1384 3231 1541 3259 amore
1556 3224 1780 3275 corrupto.
1799 3216 1893 3258 De—

161 3294 356 3337 (essia...
387 3292 479 3336 Sed
509 3293 632 3350 lege,
666 3309 766 3336 curn
793 3293 975 3337 duobus
1008 3293 1144 3336 codd.
1181 3293 1354 3351 Lugd.‚
1382 3307 1497 3351 quos
1525 3291 1792 3336 Gronovius
1816 3307 1894 3335 sew

1571 3385 1580 3417 l
1602 3386 1651 3417 2.
