2248 3697
176 195 262 211 ww
269 193 482 210 mnvwwn
488 196 495 208 ι
501 194 556 208 *Am
563 195 570 206 Ι
576 195 670 208 *th*
676 196 710 209 ὐἱ
719 195 866 210 Μὶὶἱὶ
875 195 1261 212 xuuvmwwwmwtmu
1267 198 1457 212 ὶωλὶνὶιυι
1463 199 1494 214 υἱ
1501 198 1651 214 *NWQm
1658 198 1806 214 UMWRW!
1813 199 1887 214 11Ἁὶ

658 459 983 529 LIBER
1051 461 1415 533 XXXVI.

168 999 210 1051 Ι.
262 950 678 1056 ΒΕΟΙΡΕΒΑΤΟ
719 1013 948 1075 paterno
991 1020 1158 1074 regno
1198 1001 1535 1069 DemetriuS,
1569 1012 1617 1053 et
1658 1001 1771 1074 ipse
1816 1022 1896 1053 re-

171 1120 294 1154 rum
337 1120 589 1154 successu
635 1111 963 1170 corruptus,
1010 1099 1153 1150 vitiis
1196 1097 1573 1152 adolescentiae
1619 1100 1673 1152 in
1722 1100 1895 1174 segni-

170 1200 297 1251 tiam
329 1197 555 1264 labitur;
586 1207 911 1269 tantumque
944 1207 1318 1271 contemptum
1352 1197 1497 1272 apud
1533 1218 1720 1251 omnes
1757 1199 1896 1252 iner-

168 1298 287 1366 tiae,
325 1307 593 1371 quantum
632 1294 820 1350 odium
860 1316 924 1349 ex
961 1296 1216 1371 superbia
1255 1309 1410 1371 pater
1443 1298 1734 1368 habuerat,
1769 1320 1897 1353 con-

165 1396 347 1451 traxit.
396 1399 588 1470 Itaque
634 1416 804 1470 quum
854 1396 921 1449 ab
968 1397 1197 1470 imperio
1241 1397 1355 1470 ejus
1403 1398 1603 1472 passim
1649 1400 1894 1453 civitates

162 1494 485 1565 deficerent,
516 1494 584 1549 ad
608 1493 932 1549 abolendam
960 1495 1201 1570 segnitiae
1227 1495 1499 1550 maculam
1532 1496 1735 1553 bellum
1768 1501 1896 1552 Par-

169 1595 276 1649 this
310 1594 509 1648 inferre
541 1594 729 1647 statuit
760 1614 769 1646 :
806 1594 960 1668 cujus
993 1593 1287 1647 adventum
1322 1616 1431 1648 non
1466 1597 1621 1648 inviti
1650 1598 1892 1651 Orientis

163 1693 353 1770 populi
394 1693 602 1763 videre,
642 1705 696 1747 et
737 1704 966 1768 propter
1008 1693 1307 1763 Arsacidae,
1346 1695 1488 1769 regis
1529 1695 1890 1766 Parthorum,

165 1792 573 1863 crudelitatem,
611 1805 665 1847 et
701 1792 881 1868 quod,
919 1794 1090 1846 veteri
1127 1791 1497 1847 Macedonum
1538 1795 1766 1868 imperio
1810 1817 1892 1849 as-

162 1895 334 1963 sueti,
376 1895 505 1947 novi
544 1892 736 1969 populi
778 1892 1089 1967 superbiam
1130 1891 1354 1967 indigne
1392 1892 1654 1948 ferebant.
1700 1897 1893 1970 Itaque

161 2015 330 2069 quum
374 2006 426 2048 et
465 1996 785 2063 Persarum,
829 2004 883 2046 et
922 1991 1318 2067 Elymaeorum,
1363 1993 1891 2069 Bactrianorumque

162 2093 377 2148 auxiliis
404 2094 716 2168 juvaretur,
751 2090 942 2146 multis
973 2090 1176 2167 proeliis
1208 2092 1438 2147 Parthos
1468 2092 1624 2146 fudit.
1653 2094 1736 2149 Ad
1768 2115 1890 2169 pos-

162 2205 396 2246 tremum
443 2205 658 2261 tamen,
707 2193 855 2269 pacis
907 2190 1253 2246 simulatione
1302 2191 1594 2267 deceptus,
1644 2195 1888 2270 capiturg

159 2291 552 2367 traductusque
585 2312 680 2367 per
714 2312 808 2346 ora
854 2292 1194 2362 civitatium,
1228 2291 1474 2368 populis,
1508 2294 1601 2367 qui
1649 2294 1889 2349 descive-

158 2404 310 2460 rant,
344 2392 399 2445 in
425 2391 723 2444 ludibrium
759 2390 961 2444 favoris
994 2390 1320 2445 ostenditur.
1357 2392 1559 2446 Missus
1598 2392 1795 2448 deinde
1835 2397 1886 2449 in

157 2493 518 2568 Hyrcaniam,
563 2491 798 2566 benigne
839 2502 892 2544 et
927 2490 1081 2564 juxta
1119 2489 1328 2545 cultum
1367 2493 1611 2566 pristinae
1657 2493 1887 2549 fortunae

157 2592 408 2646 habetur.
448 2593 597 2645 Dum
635 2591 748 2644 haec
786 2601 1053 2665 aguntur,
1092 2590 1311 2644 interim
1351 2591 1406 2644 in
1444 2593 1599 2665 Syria
1635 2595 1887 2669 Trypho,

156 2693 250 2767 qui
286 2712 340 2746 se
376 2703 615 2745 tutorem
652 2690 956 2758 Antiocho,
992 2691 1262 2744 Demetrii
1300 2691 1585 2766 privigno,
1628 2694 1886 2748 substitui

158 2812 188 2846 a
234 2791 443 2867 populo
496 2790 867 2859 laboraverat,
914 2789 1093 2844 occiso
1141 2788 1383 2865 pupillo,
1434 2811 1663 2866 regnum
1717 2795 1882 2867 Syriae

159 2891 382 2945 invadit.
434 2892 561 2962 Quo
608 2890 703 2944 diu
748 2889 990 2965 potitus,
1037 2888 1260 2943 tandem
1307 2889 1651 2945 exolescente
1699 2891 1885 2946 favore

158 2991 392 3044 recentis
414 2991 656 3066 imperii,
681 2990 748 3045 ab
771 2989 1044 3045 Antiocho
1067 3009 1238 3064 puero
1261 2989 1585 3060 admodum,
1610 2993 1879 3046 Demetrii

159 3089 353 3160 fratre,
375 3091 469 3164 qui
492 3091 547 3144 in
572 3092 698 3146 Asia
722 3090 1085 3160 educabatur,
1109 3087 1253 3144 bello
1279 3090 1517 3146 vincitur
1545 3113 1556 3144 :
1586 3112 1884 3167 rursusque

159 3209 390 3264 regnum
434 3190 597 3263 Syriae
643 3191 699 3244 in
745 3189 986 3245 sobolem
1031 3190 1304 3246 Demetrii
1346 3192 1658 3246 revertitur.
1708 3193 1883 3267 Igitur

1630 3287 1678 3343 5.
