2315 3868
643 302 1080 345 HISTORIARUM
1119 303 1230 345 LIB.
1267 303 1500 347 XXXIX.
1864 308 1924 365 9⁹,

206 427 346 475 csse,
388 426 536 459 suam
575 426 702 459 vero
746 405 1161 470 consobrinam3
1208 402 1503 459 liberorum
1545 404 1738 460 deinde
1777 427 1921 461 com-

206 506 451 560 munium
491 516 903 558 materteram.»
936 503 1032 557 His
1068 514 1149 555 tot
1183 504 1669 559 necessitudinibus
1702 507 1922 582 sangui-

205 607 288 660 nis
311 606 493 679 adjicit
524 604 963 678 superstitionem
994 601 1210 677 templi,
1241 624 1352 677 quo
1382 603 1561 657 abdita
1586 606 1918 682 profugerit,

203 716 510 777 «tantoque
540 700 842 778 religiosius
873 701 1128 756 colendos
1171 702 1271 755 sibi
1303 701 1453 771 deos,
1485 723 1594 776 quo
1633 706 1803 780 magis
1836 706 1918 759 his

204 803 451 878 propitiis
484 822 545 856 ac
578 801 884 856 faventibus
916 802 1132 855 vicisset
1166 822 1176 854 ε
1214 813 1331 855 tum
1372 821 1548 875 neque
1585 802 1755 857 occisa
1796 802 1917 874 illa,

199 922 254 955 se
282 902 480 956 virium
509 902 803 977 quicquam
832 902 1099 976 Cyziceno
1136 901 1517 976 dempturum,
1544 921 1642 954 nec
1669 915 1910 955 servatu-

200 1022 321 1055 rum
360 1001 631 1057 reddita.»
672 1001 778 1056 Sed
813 1013 1019 1076 quanto
1054 1004 1273 1076 Grypus
1313 1001 1538 1070 abnuit,
1576 1011 1730 1054 tanto
1765 1021 1918 1054 soror

198 1099 450 1155 muliebri
488 1102 785 1177 pertinacia
821 1100 1163 1168 accenditur,
1198 1112 1347 1170 rata,
1385 1121 1496 1154 non
1530 1099 1912 1154 misericordiae

198 1202 309 1255 haec
341 1201 531 1271 verba,
569 1201 661 1255 sed
694 1202 892 1254 amoris
927 1220 1054 1254 esse.
1090 1203 1307 1273 Itaque,
1341 1200 1546 1252 vocatis
1579 1199 1693 1273 ipsa
1728 1197 1915 1252 militi-

194 1301 329 1370 bus,
361 1301 558 1368 mittit,
599 1301 690 1373 qui
729 1318 971 1353 sororem
1013 1297 1382 1351 confoderent.
1423 1298 1535 1367 Qui
1579 1309 1642 1350 ut
1679 1299 1735 1350 in
1780 1309 1915 1351 tem-

195 1398 346 1474 plum
380 1400 746 1467 intraverunt,
779 1418 952 1473 quum
981 1395 1208 1451 evellere
1238 1416 1357 1450 eam
1386 1416 1497 1450 non
1527 1408 1775 1471 possent,
1804 1417 1915 1449 ma—

194 1520 294 1553 nus
342 1497 701 1573 amplexantis
755 1496 867 1551 deae
922 1494 1272 1550 simulacrum
1324 1494 1706 1570 praeciderunt.
1753 1497 1909 1549 Tunc

192 1596 483 1673 Cleopatra
536 1597 902 1651 exsecratione
950 1594 1380 1670 parricidarum,
1428 1593 1685 1647 mandata
1738 1592 1910 1647 viola-

193 1698 258 1751 tis
306 1697 621 1751 numinibus
668 1694 877 1749 ultione
930 1695 1047 1762 sui,
1095 1693 1321 1747 decedit.
1371 1694 1486 1747 Nec
1534 1691 1708 1746 multo
1756 1704 1911 1767 post,

190 1796 418 1871 repetita
457 1793 632 1869 proelii
675 1794 1082 1867 congressione,
1130 1792 1304 1845 victor
1345 1793 1643 1865 Cyzicenus
1682 1811 1909 1845 uxorem

190 1896 361 1970 Grypi
414 1894 808 1969 Tryphaenam,
856 1912 976 1966 quae
1017 1888 1180 1967 paulo
1231 1901 1356 1943 ante
1400 1909 1643 1944 sororem
1689 1890 1908 1944 interfe-

189 2006 362 2063 cerat,
406 1995 577 2069 capit3
624 1993 846 2067 ejusque
887 1989 1154 2066 supplicio
1196 1990 1380 2043 uxoris
1420 1988 1672 2043 manibus
1712 2009 1909 2063 paren-

188 2095 338 2150 tavit.

266 2197 360 2251 IV.
408 2198 479 2251 At
512 2197 567 2249 in
600 2197 834 2271 AEgypto
871 2193 1157 2269 Cleopatra
1195 2214 1365 2268 quum
1406 2203 1725 2268 gravaretur
1762 2193 1907 2245 socio

188 2295 364 2369 regni,
402 2293 514 2348 filio
545 2293 868 2364 Ptolemaeo,
902 2293 1169 2369 populum
1204 2294 1259 2346 in
1297 2313 1420 2346 eum
1455 2291 1672 2355 incitat3
1704 2289 1908 2343 abduc.-¹

188 2404 349 2467 taque
376 2394 421 2447 ei
451 2391 640 2447 Selene
668 2413 863 2461 uxore,
889 2414 952 2447 eo
981 2392 1281 2468 indignius,
1311 2390 1459 2465 quod
1487 2411 1551 2443 ex
1580 2388 1769 2443 Selene
1792 2389 1906 2462 jam

187 2491 323 2545 duos
349 2491 486 2545 filios
514 2492 773 2561 habebat,
804 2491 1049 2546 exsulare
1076 2492 1244 2566 cogit,
1276 2490 1531 2544 arcessito
1558 2489 1769 2542 minore
1795 2487 1907 2541 filio

185 2589 529 2660 Alexandro,
576 2603 629 2644 et
673 2611 799 2667 rege
844 2591 899 2643 in
948 2589 1127 2644 locum
1171 2590 1351 2643 fratris
1400 2588 1700 2642 constituto
1747 2608 1758 2640 :
1808 2607 1907 2641 nec

185 2689 356 2744 filium
387 2711 557 2766 regno
586 2689 853 2766 expulisse
881 2701 1163 2758 contenta,
1195 2687 1337 2743 bello
1367 2689 1534 2763 Cypri
1566 2685 1905 2741 exsulantem

187 2791 546 2864 persequitur.
579 2789 740 2844 Unde
771 2787 952 2864 puls0,
986 2789 1239 2843 interficit
1269 2788 1464 2841 ducem
1495 2786 1762 2840 exercitus
1792 2786 1902 2851 sui,

187 2888 332 2961 quod
359 2890 543 2942 vivum
574 2908 697 2942 eum
726 2909 753 2941 e
789 2887 1042 2942 manibus
1077 2887 1365 2940 dimisisset
1398 2906 1408 2938 :
1439 2904 1755 2959 quanquam
1779 2885 1905 2936 Pto-

190 2985 400 3040 lemaeus
425 2986 750 3041 verecundia
775 2986 1009 3040 materni
1039 2985 1192 3053 belli,
1224 3005 1334 3038 non
1363 2983 1568 3037 viribus
1600 2983 1803 3050 minor,
1838 2981 1903 3035 ab

187 3082 360 3137 insula
392 3086 708 3139 recessisset.
742 3086 915 3160 Igitur
949 3083 1286 3151 Alexander,
1322 3082 1539 3136 territus
1572 3081 1675 3134 hac
1714 3081 1901 3133 matris

189 3181 531 3249 crudelitate,
563 3196 616 3236 et
646 3184 757 3257 ipse
789 3204 907 3236 eam
936 3182 1186 3256 reliquit,
1220 3180 1522 3257 periculoso
1553 3200 1721 3255 regno
1752 3199 1903 3233 secu·-

190 3300 388 3333 ramae
419 3293 591 3334 tutam
621 3283 787 3335 vitam
818 3294 1173 3356 anteponens.
1205 3280 1494 3356 Cleopatra
1522 3299 1650 3332 vero
1679 3279 1901 3346 timenS,
