2248 3697
358 288 381 330 ί.
1099 280 1123 320 J
1127 279 1167 321 U
1171 280 1330 322 STIN!

355 384 496 458 regis
545 383 945 457 proficiscentes
986 380 1125 435 filios
1170 383 1411 434 insecuta
1444 393 1537 434 est.
1574 384 1721 434 Dum
1755 380 1868 434 haec
1898 401 2067 456 agun-

356 495 470 549 tur,
503 479 1000 556 CarthaginienseS,
1031 481 1263 555 cognitis
1304 500 1423 554 quae
1452 480 1505 532 in
1536 477 1715 533 Sicilia
1750 479 2066 554 agebantur,

357 580 689 632 occasionem
725 580 893 632 totius
929 577 1118 632 insulae
1151 576 1483 652 occupandae
1522 577 1702 630 datam
1751 577 1849 631 sibi
1885 578 2066 630 existi-

355 689 587 745 mantes,
631 678 842 752 magnis
896 677 1100 730 viribus
1151 697 1213 730 eo
1256 677 1562 749 trajiciunt,
1599 675 1907 749 multasque
1943 678 2071 729 civi-

358 787 491 829 tates
515 776 793 852 subigunt.

434 876 530 927 III.
563 877 644 929 Eo
679 886 924 949 tempore
964 886 1017 927 et
1051 874 1292 948 Pyrrhus
1341 874 1599 927 adversus
1649 877 1926 928 Romanos
1961 873 2072 927 bela

356 973 467 1028 lum
499 973 718 1049 gerebat
759 994 769 1025 ε
798 973 892 1046 qui
936 971 1258 1046 imploratus
1300 993 1329 1025 a
1361 970 1555 1025 Siculis
1591 973 1645 1024 in
1683 971 1973 1041 auxilium,
2009 973 2075 1026 si-

355 1074 466 1126 cuti
499 1072 704 1126 dictum
749 1083 852 1139 est,
906 1091 1077 1145 quum
1125 1073 1416 1145 Syracusas
1457 1071 1720 1139 venisset,
1769 1069 2075 1146 multasque

355 1173 598 1225 civitates
624 1171 946 1245 subegisset,
975 1190 1069 1223 rex
1095 1168 1314 1238 Siciliae,
1346 1171 1485 1223 sicut
1521 1171 1707 1245 Epiri,
1745 1168 2074 1246 appellatur.

356 1272 608 1342 Quarum
656 1289 840 1323 rerum
893 1267 1146 1322 felicitate
1199 1266 1380 1337 laetus,
1425 1266 1633 1322 Heleno
1689 1268 1801 1322 filio
1848 1267 2076 1336 Siciliae,

357 1367 505 1423 velut
541 1370 748 1422 avitum
783 1370 950 1442 (nam
986 1378 1267 1441 susceptus
1313 1387 1374 1420 ex
1418 1366 1528 1419 filia
1575 1365 1888 1441 Agathoclis
1936 1367 2077 1441 regis

356 1467 528 1541 erat),
572 1466 882 1521 Alexandro
920 1478 1102 1519 autem
1143 1464 1313 1519 Italiae
1362 1486 1593 1540 regnum
1647 1464 1897 1518 destinat.
1947 1467 2079 1518 Post

358 1566 470 1619 haec
503 1564 675 1618 multa
707 1564 946 1618 secunda
975 1562 1167 1638 proelia
1201 1584 1324 1616 cum
1355 1563 1902 1639 Carthaginiensibus
1934 1564 2077 1618 facit.

357 1665 649 1738 Interjecto
686 1662 878 1716 deinde
922 1674 1194 1736 tempore,
1232 1661 1395 1737 legati
1448 1663 1513 1715 ab
1553 1662 1752 1716 Italicis
1801 1664 1957 1717 sociis
1997 1684 2081 1716 ve-

359 1784 519 1831 nere,
566 1764 909 1829 nuntianteS,
946 1761 1208 1815 Romanis
1253 1761 1430 1814 resisti
1471 1781 1581 1815 non
1630 1782 1810 1835 posse,
1852 1761 2080 1816 deditio-

360 1882 592 1937 nemque
619 1861 884 1927 futuram,
922 1860 1025 1913 nisi
1059 1860 1408 1913 subveniat.»
1438 1861 1644 1914 Anxius
1674 1872 1784 1913 tam
1820 1860 2076 1935 ambiguo

359 1959 628 2036 periculo,
659 1961 1031 2032 incertusque,
1071 1957 1205 2032 quid
1241 1971 1450 2034 ageret,
1486 1958 1570 2012 vel
1609 1959 1807 2033 quibus
1844 1961 2082 2033 primurn

362 2060 698 2124 subveniret,
744 2060 799 2111 in
851 2070 1146 2131 utrumque
1193 2079 1401 2134 pronus
1447 2057 1808 2111 consultabat.
1862 2059 2082 2134 Quippe

362 2158 691 2213 instantibus
718 2158 847 2210 hinc
877 2157 1447 2232 Carthaginiensibus,
1470 2156 1595 2209 inde
1625 2158 1910 2224 Romanis,
1942 2159 2084 2231 peri-

364 2256 612 2312 culosum
635 2256 949 2323 videbatur,
989 2256 1285 2308 exercitum
1317 2256 1372 2307 in
1407 2253 1619 2308 Italiam
1655 2276 1765 2308 non
1801 2255 2084 2329 trajicere3

365 2355 718 2432 periculosius
750 2377 781 2409 a
823 2354 1003 2409 Sicilia
1053 2354 1360 2407 deducere:
1403 2375 1469 2408 ne
1513 2367 1606 2407 aut
1657 2352 1766 2422 illi,
1813 2375 1924 2407 non
1978 2353 2083 2406 lata

365 2477 490 2530 ope,
522 2468 613 2509 aut
643 2456 697 2508 hi
734 2455 929 2508 deserti
965 2455 1364 2507 amitterentur.
1402 2457 1466 2506 In
1503 2454 1605 2506 hoc
1640 2466 1771 2506 {estu
1816 2452 2086 2527 periculo-

366 2575 511 2623 rum,
554 2556 853 2607 tutissimus
883 2566 1074 2628 portus
1121 2551 1476 2606 consiliorum
1515 2554 1660 2606 visus
1692 2565 1802 2621 est,
1834 2551 2086 2605 omnibus

367 2655 573 2708 viribus
599 2654 886 2708 decernere
919 2655 972 2706 in
1002 2651 1213 2719 Sicilia;
1245 2665 1318 2719 et,
1344 2652 1644 2727 profligatis
1671 2652 2089 2727 Carthaginien·

369 2756 539 2823 sibus,
587 2756 843 2808 victorem
879 2755 1173 2807 exercitum
1219 2765 1572 2827 transponere
1609 2754 1662 2804 in
1701 2751 1929 2805 Italiam.
1978 2755 2087 2805 Ita-

370 2877 475 2930 que
519 2847 768 2908 conserto
815 2852 1034 2929 proelio,
1076 2874 1248 2926 quum
1298 2853 1548 2925 superior
1584 2850 1797 2919 fuisset,
1829 2852 2087 2925 quoniam

372 2967 550 3007 tamen
596 2975 624 3006 a
664 2952 846 3007 Sicilia
882 2953 1080 3019 abiret,
1125 2972 1226 3026 pro
1269 2952 1411 3003 victo
1457 2949 1644 3023 fugere
1679 2951 1824 3003 visus
1867 2962 1946 3003 est
1983 2970 1993 3001 :
2029 2971 2090 3003 ac

372 3065 656 3126 propterea
693 3052 818 3104 socii
864 3051 931 3102 ab
976 3071 1037 3103 co
1078 3050 1426 3114 defecerunt3
1464 3060 1512 3100 et
1559 3048 1846 3121 imperium
1900 3046 2091 3102 Siciliae

374 3163 478 3202 tam
513 3152 619 3204 cito
651 3150 854 3215 amisit,
895 3170 1058 3221 quain
1095 3146 1247 3200 facile
1284 3148 1583 3220 qtiaesierat.
1632 3147 1734 3199 Sed
1764 3168 1860 3200 nec
1897 3149 1951 3200 in
1987 3150 2093 3199 Ita-

374 3247 441 3301 lia
473 3248 691 3301 meliore
719 3247 972 3300 felicitate
1011 3268 1166 3314 usus,
1203 3248 1254 3298 in
1305 3247 1526 3319 Epirum
1567 3247 1873 3299 revertitur.
1912 3245 2093 3300 Admi-
