2315 3868
445 355 531 398 108
1182 355 1418 399 JUSTINI

437 459 684 511 futurum
730 476 840 509 non
890 455 1229 510 dubitabant.
1278 461 1471 532 Itaque
1515 459 1667 511 victis
1712 458 1955 532 partibus
2002 460 2161 511 Pom-

436 554 672 628 peianis,
711 566 764 608 et
797 555 985 609 Cassio
1020 567 1074 609 et
1109 558 1280 609 Bruto
1321 554 1519 610 auxilia
1555 556 1812 610 adversus
1850 559 2158 630 Augustum

435 664 489 705 et
510 653 813 707 Antonium
838 655 1034 708 misere
1059 675 1069 707 :
1100 667 1154 707 et
1182 667 1305 728 post
1330 653 1457 708 belli
1488 654 1651 709 finem
1681 675 1925 723 rursum,
1951 657 2158 708 Pacoro

435 750 598 820 duce,
649 752 783 806 inita
827 773 952 806 cum
995 753 1240 806 Labieno
1288 754 1573 824 societate,
1618 755 1829 828 Syriam
1875 765 1929 806 et
1975 753 2158 807 Asiam

432 863 744 917 'vastavere3
783 864 1067 924 castraque
1103 852 1383 921 Ventidii,
1420 854 1546 926 qui,
1584 866 1707 927 post
1745 853 2027 921 Cassium,
2064 851 2155 905 ab·

433 963 581 1005 sente
631 955 872 1020 Pacoro,
926 951 1228 1004 exercitum
1282 952 1601 1005 Parthicum
1657 952 1908 1022 fuderat,
1959 973 2160 1028 magna

430 1049 573 1104 mole
605 1049 1017 1126 aggrediuntur.
1055 1049 1159 1103 Sed
1194 1047 1312 1119 ille,
1347 1049 1602 1104 simulato
1637 1050 1863 1120 timore,
1897 1051 1990 1105 diu
2028 1072 2155 1106 con-

430 1151 598 1203 tinuit
634 1169 713 1218 sc,
750 1160 803 1202 et
834 1147 1095 1203 insultare
1135 1149 1368 1203 Parthos
1404 1147 1799 1224 aliquantisper
1831 1170 2022 1224 passus
2058 1162 2155 1204 est.

429 1247 516 1304 Ad
561 1261 901 1323 postremum
949 1249 1005 1300 in
1056 1268 1271 1302 securos
1319 1246 1578 1322 laetosque
1622 1260 1834 1323 partem
1879 1246 2158 1323 legionum

429 1348 607 1400 emisit
646 1369 655 1400 ε
697 1368 930 1422 quarum
968 1347 1178 1422 impetu
1214 1347 1318 1400 fusi
1353 1347 1577 1416 Parthi,
1615 1347 1670 1399 in
1710 1345 1923 1401 diversa
1960 1347 2156 1401 abiere.

427 1449 664 1500 Pacorus
701 1467 871 1520 quum
908 1446 1175 1521 fugientes
1212 1467 1337 1500 suos
1374 1445 1663 1499 abduxisse
1701 1466 1887 1500 secum
1917 1444 2158 1520 legiones

427 1565 679 1598 romanas
726 1557 969 1619 putaret,
1014 1556 1188 1598 castra
1218 1544 1491 1612 ventidii,
1527 1542 1677 1597 velut
1711 1545 1825 1597 sine
1863 1544 2159 1598 defensori-

426 1643 555 1713 bus,
584 1642 917 1719 aggreditur.
948 1646 1088 1697 Tum
1115 1642 1434 1710 Ventidius,
1461 1641 1671 1716 reliqua
1698 1654 1852 1717 parte
1878 1641 2155 1718 legionum

425 1744 651 1813 emissa,
696 1744 1010 1797 universam
1055 1742 1385 1796 Parthorum
1431 1762 1656 1795 manum
1701 1762 1824 1795 cum
1870 1762 1996 1817 rege
2040 1742 2159 1816 ipso

424 1845 632 1896 Pacoro
673 1841 972 1909 interfecit3
1009 1861 1108 1895 nec
1145 1839 1258 1894 ullo
1297 1839 1440 1894 bello
1476 1841 1664 1894 Parthi
1702 1860 1945 1914 unquam
1982 1841 2158 1915 majus

425 1940 625 1995 vulnus
662 1953 1008 2016 acceperunt.
1047 1944 1175 1995 Haec
1213 1961 1385 2014 quum
1432 1941 1485 1992 in
1521 1941 1744 1994 Parthia
1781 1941 2032 1993 nuntiata
2074 1961 2157 1994 es-

426 2054 571 2110 sent,
618 2041 855 2111 OrodeS,
901 2053 1057 2115 pater
1114 2041 1339 2109 Pacori,
1376 2040 1469 2114 qui
1512 2038 1676 2114 paulo
1720 2051 1844 2094 ante
1891 2052 2157 2093 vastatam

426 2143 664 2217 Syriam,
695 2153 1019 2216 occupatam
1047 2142 1230 2197 Asiam
1262 2161 1292 2194 a
1319 2141 1536 2195 Parthis
1566 2139 1838 2206 audierat,
1868 2140 2159 2193 victorem-

425 2262 530 2315 que
584 2244 852 2295 Pacorum
906 2244 1287 2294 Romanorum
1346 2239 1720 2315 gloriabatur,
1778 2251 2003 2313 repente
2062 2237 2156 2292 filii

424 2353 628 2410 morte,
664 2352 716 2394 et
753 2341 1021 2395 exercitus
1055 2339 1208 2394 clade
1243 2339 1426 2393 audita
1449 2382 1462 2407 ,
1503 2360 1566 2393 ex
1598 2337 1787 2392 dolore
1824 2339 1878 2391 in
1915 2338 2156 2393 furorem

424 2441 670 2495 vertitur.
724 2438 918 2494 Multis
972 2439 1163 2494 diebus
1214 2460 1324 2493 non
1370 2437 1573 2512 alloqui
1621 2458 1984 2512 quemquam,
2046 2458 2156 2491 non

423 2540 607 2593 cibum
637 2560 878 2608 sumere,
908 2560 1021 2592 non
1049 2560 1241 2594 vocem
1275 2540 1551 2607 emittere,
1582 2538 1655 2591 ita
1686 2550 1747 2591 ut
1778 2538 1941 2591 etiam
1973 2548 2156 2591 mutus

427 2639 601 2693 factus
645 2638 943 2693 videretur.
988 2642 1121 2693 Post
1168 2637 1371 2692 multos
1423 2637 1617 2692 deinde
1664 2637 1810 2706 dies,
1856 2637 1950 2690 ubi
2001 2636 2158 2691 dolor

423 2759 615 2793 vocem
654 2738 955 2808 laxaverat,
995 2737 1132 2791 nihil
1169 2737 1342 2803 aliud,
1380 2759 1544 2812 quam
1578 2740 1845 2792 Pacorum
1881 2737 2107 2791 vocabat
2143 2758 2154 2791 ε

420 2840 658 2894 Pacorus
696 2838 774 2893 illi
811 2840 1015 2906 videri,
1050 2842 1292 2893 Pacorus
1329 2839 1507 2894 audiri
1543 2838 1860 2904 videbatur3
1899 2859 2024 2891 cum
2064 2837 2156 2892 illo

421 2938 599 3014 loqui,
632 2961 756 2993 cum
788 2938 883 2993 illo
913 2940 1235 3009 consistere,
1273 2938 1554 2993 interdum
1583 2938 1738 3012 quasi
1767 2938 2028 2991 amissum
2064 2938 2156 2991 fle-

423 3038 605 3093 biliter
636 3038 870 3093 dolebat.
903 3042 1032 3093 Post
1061 3038 1290 3114 longum
1322 3039 1519 3093 deinde
1550 3038 1787 3105 luctum,
1817 3036 1921 3091 alia
1956 3037 2156 3092 sollici-

424 3139 556 3192 tudo
585 3138 955 3192 miserandum
990 3160 1173 3192 senem
1212 3138 1448 3205 invadit,
1486 3158 1647 3212 quem
1683 3158 1747 3191 ex
1784 3158 2017 3191 numero
2049 3158 2154 3190 xxx

426 3236 661 3291 filiorum
709 3239 763 3290 in
810 3235 991 3290 locum
1039 3240 1231 3292 Pacori
1281 3258 1464 3313 regem
1510 3237 1758 3290 destinet.
1810 3235 2001 3291 Multae
2043 3234 2155 3310 pel-

427 3332 582 3407 lices,
620 3359 679 3390 cx
719 3337 916 3411 quibus
953 3349 1209 3412 generata
1245 3349 1394 3391 tanta
1427 3337 1686 3410 juventus
1729 3348 1867 3406 crat,
1907 3355 2005 3410 pro
2045 3336 2153 3388 suis
