2315 3868
667 304 1145 348 PHILIPPICARUM
1183 303 1388 346 TROGI.
1806 311 1821 338 1
1836 312 1857 351 7
1868 298 1892 337 ’ζ

165 409 522 463 (lenostracas
561 407 773 483 subegit
814 429 824 459 :
865 425 1342 478 successoremque
1386 402 1600 479 imperii
1645 397 1894 455 Attalum

162 503 535 562 Philometora
564 505 798 579 reliquit.
838 506 1064 558 Mortuo
1095 502 1330 577 denique
1351 501 1746 567 Philometore,
1773 498 1895 553 Ari-

165 607 408 661 stonicus
434 626 602 681 regno
624 606 760 658 Asiae
788 615 1083 678 occupate,
1112 600 1314 657 bellum
1344 621 1469 655 cum
1495 600 1893 674 Romanis-ges-

167 704 259 774 sit,
295 724 404 778 quo
440 714 631 778 captus
665 715 759 757 est.

596 861 940 897 PROLOGUS
983 862 1163 897 LIBRI
1208 861 1458 896 XXXVII.

247 1001 489 1077 Septimo
519 1014 571 1055 et
602 1002 875 1055 tricesimo
906 999 1184 1054 volumine
1212 1001 1567 1055 continentur
1595 999 1710 1053 haec
1740 1019 1750 1051 :
1785 1001 1888 1052 Re-

167 1102 349 1176 petitis
397 1121 588 1177 regum
634 1102 992 1155 Ponticorum
1037 1100 1377 1175 originibus,
1422 1113 1483 1154 ut
1527 1099 1595 1153 ad
1636 1097 1889 1152 ultimum

166 1200 542 1256 Mithridatem
573 1190 854 1275 Eupatora
883 1200 1045 1254 series
1076 1200 1292 1273 imperii
1323 1198 1555 1253 deducta
1583 1199 1652 1252 sit
1684 1220 1694 1252 :
1727 1209 1889 1271 atque

169 1312 226 1354 ut
264 1302 538 1375 ingressus
572 1297 659 1352 ille
695 1318 925 1372 regnum
964 1298 1180 1372 subegit
1210 1301 1451 1351 Pontum
1490 1310 1543 1350 et
1576 1295 1887 1372 Paphlago-

168 1401 340 1469 niam,
388 1399 711 1473 priusquam
744 1397 800 1451 in
832 1394 972 1450 bella
1005 1417 1236 1452 romana
1272 1395 1567 1452 descendit.
1605 1398 1890 1470 Dictaeque

166 1498 219 1550 in
244 1517 463 1552 excessu
491 1517 680 1572 regum
711 1500 1160 1571 Bosporanorum
1185 1506 1237 1550 et
1263 1494 1595 1552 Colchorum
1622 1496 1886 1570 origineS,

165 1609 219 1650 et
252 1617 336 1650 res
371 1609 544 1671 gestae.

582 1737 933 1774 PROLOGUS
978 1738 1149 1773 LIBRI
1195 1739 1469 1773 XXXVIII.

243 1872 454 1923 Octavo
497 1880 549 1923 et
589 1867 863 1922 tricesimo
905 1865 1183 1922 volumine
1221 1868 1578 1922 continentur
1609 1867 1724 1921 haec
1762 1888 1772 1919 ε
1810 1869 1886 1920 Ut

160 1968 507 2025 Mithridates
556 1971 835 2043 Eupator,
884 1968 1062 2022 occiso
1108 1968 1430 2037 Ariarathe,
1479 1966 1882 2043 Cappadociam

161 2070 480 2145 occupavit3
517 2069 770 2142 victoque
801 2067 1097 2121 Nicomede
1131 2079 1183 2121 et
1212 2065 1516 2136 Malthino,
1551 2067 1880 2141 Bithyniam.

159 2172 262 2240 Ut,
284 2181 503 2224 mortuo
526 2165 819 2223 Ptolemaeo
844 2165 1210 2221 Philometore
1226 2210 1239 2235 ,
1267 2164 1436 2220 frater
1462 2166 1576 2240 ejus
1600 2166 1884 2240 Physcon,

160 2282 383 2345 accepto
420 2289 591 2344 regno
634 2268 854 2343 AEgypti
892 2267 1155 2321 seditione
1184 2265 1405 2342 populi,
1447 2265 1641 2319 deinde
1679 2263 1884 2320 bellum

160 2390 285 2422 cum
317 2389 485 2423 uxore
517 2389 614 2422 sua
648 2367 963 2443 Cleopatra,
997 2380 1051 2421 et
1083 2388 1207 2420 cum
1243 2387 1367 2441 rege
1402 2366 1567 2440 Syriae
1598 2366 1883 2419 Demetrio

156 2468 364 2522 habuit.
401 2467 534 2521 Inde
573 2468 893 2542 repetitum,
922 2479 983 2520 ut
1009 2468 1322 2521 Demetrius
1355 2477 1547 2540 captus
1582 2465 1651 2517 sit
1686 2485 1715 2517 a
1746 2466 1880 2517 Par-

158 2568 296 2635 this,
340 2579 391 2621 et
434 2566 599 2621 frater
644 2567 790 2641 erS,
833 2567 978 2620 victo
1019 2567 1075 2619 in
1123 2567 1278 2640 Syria
1314 2564 1637 2640 Tryphone,
1680 2561 1883 2616 bellum

160 2667 372 2721 Parthis
401 2665 671 2735 intulerit,
704 2667 796 2740 qui
829 2686 952 2719 cum
985 2667 1224 2720 exercitu
1256 2684 1354 2719 suo
1382 2663 1590 2718 deletus
1623 2675 1719 2716 est.

599 2854 940 2889 PROLOGUS
984 2854 1164 2889 LIBRI
1210 2854 1439 2887 XXXIX.

238 2987 402 3040 Nono
443 2998 495 3039 et
535 2986 807 3039 tricesimo
851 2985 1126 3040 volumine
1169 2985 1522 3038 continentur
1561 2984 1674 3036 haec
1715 3003 1727 3035 ε
1769 2985 1881 3052 Ut,

159 3086 423 3138 exstincto
456 3105 485 3138 a
518 3085 732 3139 Parthis
766 3084 1038 3137 Antiocho
1078 3083 1288 3149 Sidete,
1327 3082 1496 3137 frater
1530 3083 1645 3156 ejus
1682 3084 1884 3135 Deme-

162 3185 294 3239 trius
334 3183 583 3237 dimissus
623 3204 853 3258 regnum
897 3184 1061 3257 Syriae
1104 3184 1336 3257 recepit3
1376 3183 1784 3255 subornatoque
1828 3182 1882 3234 in

159 3281 359 3339 bellum
386 3281 641 3336 adversus
664 3304 784 3336 eum
812 3280 1123 3336 Alexandro
1146 3283 1412 3351 Zebinna,
1436 3282 1642 3335 interiit
1671 3302 1680 3334 ε
1712 3279 1883 3335 filius-
