2315 3868
813 324 1052 367 LIBRUM
1087 325 1269 366 XXIX.
1812 334 1824 359 1
1843 321 1864 359 ’ἦ
1880 335 1891 360 ¹

255 424 356 467 CAP.
381 426 467 469 ΙΙΙ.
500 427 813 468 Artamenem.
841 423 931 478 Qui
958 424 1047 466 hoc
1076 425 1181 466 loco
1215 433 1282 467 est
1314 428 1612 476 Artamenes,
1638 422 1687 466 in
1718 420 1900 465 duobus

187 514 291 542 mss.
325 509 390 543 est
424 502 684 551 Arlmenes,
721 497 841 541 facili
874 499 1004 555 lapsu
1037 499 1168 557 ipro
1200 509 1242 552 t,·
1283 499 1396 542 sicut
1442 500 1581 554 infra,
1620 498 1701 542 lib.
1735 511 1900 548 xxxa,

190 591 227 618 (·.
267 590 311 629 ι,
343 576 571 633 Lygorc'as
593 589 697 617 mss.
727 588 814 630 pro
840 576 1063 632 Lygortas
1089 574 1164 617 vel
1195 576 1428 630 Lycortas.
1460 575 1600 618 Unde
1624 576 1682 617 Is.
1709 571 1900 616 Vossius

190 649 307 693 eruit
341 650 639 700 Ariamenes,
678 648 758 706 qui
789 648 838 691 in
870 649 1085 707 Epitome
1113 648 1313 693 Diodori
1354 657 1420 692 est
1452 648 1673 711 Amaia-vm,
1707 649 1894 692 Ariam-

190 741 282 768 nes.
318 725 414 782 Ego
449 739 560 767 vero
595 724 807 767 existimo
838 725 927 768 hoc
965 740 1138 769 nomen
1176 726 1466 779 Artamemtv,
1503 724 1623 782 regis
1658 723 1902 783 Cappado-

190 799 295 852 ciae,
330 814 386 841 ex
428 806 575 861 ἀρτάς,
611 814 830 856 magnus,
862 800 975 843 sicut
1014 804 1320 854 Artaxerxes,
1365 799 1713 858 Artaphernes‚
1756 803 1902 841 Arta-

189 875 356 926 banus,
383 883 427 917 et
450 884 584 936 μένος,
608 875 811 930 animus,
843 877 1152 935 compositum
1183 892 1302 932 esse,
1334 877 1625 935 proindeque
1656 874 1773 918 nihil
1795 890 1900 918 mu-

189 950 406 1004 tandum,
443 951 781 1009 legendumque
820 954 1116 995 Artamenem
1151 953 1241 996 hoc
1273 954 1405 1007 loco,
1440 961 1485 995 et
1523 950 1713 1010 quidem
1748 949 1902 994 forsan

189 1040 348 1083 supra,
372 1026 452 1069 lib.
478 1042 544 1080 η,
568 1042 604 1070 c.
639 1042 716 1081 10,
738 1042 825 1085 pro
854 1032 1167 1082 Artemenem,
1193 1027 1369 1072 etiamsi
1387 1028 1446 1071 ab
1472 1035 1629 1090 ἀρτάω,
1646 1024 1903 1085 suspendo,

191 1101 236 1143 in
271 1102 414 1144 altum
440 1102 578 1156 tollo,
613 1102 861 1146 formatum
900 1112 1038 1158 esset,
1072 1113 1348 1162 sonaretque
1383 1117 1626 1161 suspensus
1653 1101 1701 1145 in
1737 1101 1903 1153 altum,

190 1186 236 1219 ut
282 1180 523 1225 Amanus.
567 1179 645 1236 qui
685 1187 782 1222 erat
814 1195 949 1222 mons
990 1180 1295 1238 Cappadociae
1342 1188 1385 1222 et
1417 1179 1528 1223 deus
1565 1177 1687 1236 apud
1721 1179 1904 1229 Persas,

191 1252 314 1296 idem
347 1269 397 1296 ac
428 1258 614 1305 Anzan,
642 1254 700 1296 ab
733 1254 845 1311 ipsis
880 1255 1123 1309 adoratus,
1157 1264 1262 1312 post
1297 1269 1544 1312 suspensus
1577 1253 1624 1295 in
1656 1268 1802 1296 cruce.

713 1378 784 1420 IN
825 1379 1104 1421 LIBRUM
1138 1379 1391 1423 XXVIII.

255 1510 357 1552 CAP.
384 1511 421 1552 I.
450 1510 691 1553 Phthiam.
724 1511 979 1566 Quomodo
1006 1511 1129 1569 apud
1152 1512 1472 1567 Plutarchum,
1500 1514 1545 1554 in
1570 1512 1773 1569 Pyrrho,
1803 1528 1840 1555 c.
1866 1528 1903 1566 1,

190 1593 382 1627 vocatur
408 1586 572 1644 Pyrrhi
599 1595 758 1630 mater.
787 1588 856 1629 Ita
884 1587 1182 1630 scribendum
1200 1621 1211 1641 ‚
1242 1602 1338 1630 non
1372 1597 1522 1631 autem
1554 1589 1708 1630 Ptiam
1725 1593 1752 1641 ,’
1775 1597 1825 1629 ut
1856 1588 1904 1630 in

191 1661 328 1704 codd.
364 1670 408 1704 et
442 1661 547 1704 edd.
581 1662 748 1719 legitur
774 1679 783 1705 :
815 1663 905 1707 hoc
936 1663 1060 1706 enim
1090 1678 1263 1707 nomen
1294 1679 1320 1707 a
1344 1672 1459 1725 φθίω,
1491 1679 1761 1721 corrumpo,
1785 1679 1901 1707 con-

191 1752 350 1791 sumo,
386 1737 556 1794 perd0‚
600 1738 740 1794 vitio,
782 1739 954 1795 oritur,
986 1738 1101 1782 sicut
1135 1747 1179 1782 et
1227 1739 1437 1792 Phthia,
1484 1741 1593 1782 urbs
1635 1739 1903 1793 Thessaliae,

190 1812 378 1855 Achillis
402 1813 572 1870 patria,
602 1830 627 1856 a
662 1829 753 1873 qua
784 1814 979 1858 Phthius
1007 1823 1051 1858 et
1081 1814 1306 1859 Phthiota
1333 1816 1481 1859 dictus
1503 1815 1612 1871 fuit3
1638 1824 1682 1860 et
1705 1816 1902 1859 Phthio-

190 1888 269 1940 tis,
307 1904 397 1931 una
434 1904 489 1932 ex
533 1898 730 1949 quatuor
762 1890 1008 1935 Thessaliae
1035 1890 1269 1950 partibus,
1304 1892 1549 1947 Straboni,
1582 1892 1704 1935 libro
1743 1907 1812 1935 XI.
1852 1894 1902 1935 In

192 1963 425 2023 principio
469 1981 643 2010 nomen
690 1975 787 2011 erat
834 1967 1138 2012 decrescentis
1185 1969 1304 2011 lunae
1341 1984 1350 2010 :
1383 1976 1499 2029 φθίνω
1535 1968 1683 2022 enim,
1719 1968 1845 2026 quod
1880 1986 1900 2010 a

189 2048 283 2102 φθίω
308 2041 564 2099 derivatur,
592 2051 658 2086 est
689 2043 806 2087 facio
835 2043 1124 2099 decrescere,
1149 2043 1196 2086 in
1222 2044 1375 2088 tabem
1399 2045 1657 2099 resolvere,
1686 2042 1904 2099 deficere,

191 2117 450 2174 tabescere3
484 2119 608 2163 unde
638 2127 832 2181 φθίνοντος
864 2128 1003 2182 μηνός,
1036 2120 1254 2172 extremi,
1291 2135 1371 2164 seu
1404 2120 1472 2163 ad
1492 2120 1644 2178 finem
1674 2121 1906 2180 vergentis

190 2195 354 2238 mensis
382 2195 516 2239 tertia
551 2195 703 2239 decas.

258 2271 362 2314 CM».
394 2273 477 2315 ΙΙΙ.
524 2273 581 2315 In
611 2288 748 2314 aram
788 2273 973 2315 Dianoe.
1014 2272 1084 2315 Ex
1119 2287 1231 2330 qua,
1267 2272 1371 2329 quia
1404 2272 1577 2330 asylum
1613 2279 1734 2324 erat,
1766 2285 1903 2314 nemo

192 2347 291 2389 sine
324 2347 576 2390 violatione
610 2347 815 2391 numinis
846 2347 1026 2391 extrahi
1057 2356 1252 2405 poterat.

736 2501 809 2543 IN
852 2502 1127 2545 LIBRUM
1172 2502 1366 2544 XXIX.

259 2635 363 2678 CAP.
384 2636 464 2677 IV.
485 2635 837 2694 Philopoemeni.
864 2637 906 2677 A
923 2643 1045 2696 φίλος,
1064 2634 1255 2688 amicus,
1272 2642 1416 2696 ποιμήν
1433 2673 1443 2691 ,
1465 2643 1635 2692 pastor.
1658 2634 1877 2693 Polybius
1890 2669 1904 2688 ‚

193 2712 315 2756 libro
336 2728 403 2766 11,
427 2720 516 2754 tres
550 2711 818 2754 Achaeorum
849 2711 986 2754 duces
1021 2709 1314 2769 potissimum
1347 2709 1518 2753 laudat.
1552 2730 1569 2749 «
1597 2710 1801 2766 Primus,
1832 2711 1906 2754 in-

196 2788 316 2847 quit,
346 2790 520 2832 Aratus
551 2787 656 2841 fuit,
685 2795 870 2849 ἀρχηγός,
905 2787 954 2829 id
984 2795 1050 2830 est
1080 2786 1256 2844 primus
1289 2785 1531 2840 conditor3
1566 2786 1794 2830 secundus
1823 2787 1907 2830 fuit

196 2865 570 2924 Philopoemenes
586 2897 600 2916 ,
636 2879 770 2920 quem
805 2863 1006 2921 appellat
1036 2872 1321 2924 τελεσιουργόν,
1353 2860 1401 2904 id
1436 2870 1502 2905 est
1524 2861 1833 2920 perfectorem
1863 2872 1907 2907 et

198 2949 616 2984 consummatorem
653 2939 855 2983 inchoati
889 2938 1041 2996 operis
1059 2938 1117 2981 ab
1148 2941 1314 2992 Arat03
1344 2937 1502 2980 tertius
1536 2935 1620 2980 fuit
1648 2940 1904 2995 Lycortas,

198 3030 333 3072 quem
368 3016 576 3059 nominat
610 3019 830 3073 βεὲαιωτὴν
874 3022 1057 3076 μόνιμον,
1089 3013 1138 3056 id
1173 3022 1239 3056 est
1274 3011 1650 3056 confirmatorem
1696 3014 1907 3057 stabilem

197 3090 318 3133 illius
341 3099 504 3144 status,
522 3106 657 3149 quem
674 3089 932 3149 superiores
950 3089 1088 3132 duces
1120 3088 1465 3132 constituerant.
1495 3107 1513 3126 >³
1537 3088 1908 3147 Philopoemenes

199 3166 293 3209 dux
318 3167 583 3209 Achaeorum
606 3166 1002 3225 praestantissimus
1026 3163 1449 3223 Megalopolitanus
1477 3172 1586 3207 erat.
1615 3165 1910 3208 Lacedaemo-

198 3243 301 3285 nios
332 3250 375 3284 ct
398 3242 651 3284 Messenios
681 3242 835 3285 multis
869 3241 1075 3284 cladibus
1100 3238 1287 3294 afflixit,
1322 3240 1403 3282 sed
1429 3239 1610 3283 fortiter
1643 3256 1729 3298 pro
1762 3242 1907 3299 patria

199 3317 422 3360 dimicans
448 3317 505 3359 ab
534 3317 741 3360 hostibus
770 3326 927 3375 captus
952 3325 1043 3370 est,
1068 3325 1116 3358 ut
1146 3314 1265 3358 infra
1293 3315 1539 3357 audiemus.

1576 3410 1625 3462 a*
