2315 3868
404 402 493 430 202
825 379 1313 442 ADNOTATIQNES
1350 379 1417 422 IN
1454 380 1691 424 JL'STIM

466 478 704 527 AEmilium
732 478 978 521 Paulum...
997 485 1165 521 creant.
1185 476 1276 520 Sed
1306 477 1396 519 hoc
1419 484 1526 535 post
1551 476 1802 520 triennium
1834 475 2018 519 demum
2034 476 2104 519 fa·-

400 569 522 603 ctum
545 565 639 611 est,
664 570 805 614 quum
831 554 927 612 jam
958 554 1102 597 Aulus
1118 552 1345 596 Hostilius
1361 553 1628 609 Mancinus,
1654 552 1812 595 consul
1849 552 1958 594 anni
1993 549 2107 604 582,

400 644 443 677 et
485 631 682 689 Quintus
716 631 913 675 Martius
941 630 1205 689 Philippus,
1251 630 1414 672 consul
1453 646 1490 673 a.
1530 627 1648 684 583,
1687 644 1791 672 curn
1821 630 1955 671 Perse
2000 642 2109 686 rege

401 711 711 755 dimicassent.
740 708 971 753 Disertius
1001 706 1242 765 sequentia
1264 715 1421 749 narrat
1447 707 1741 761 Plutarchus,
1762 705 1810 748 in
1833 706 1941 748 Vita
1965 704 2111 752 AEmi-

400 789 475 841 lii,
514 804 553 831 c.
595 803 675 842 10,
713 785 991 847 assentiente
1029 786 1210 826 zonara
1250 783 1300 825 in
1344 784 1605 826 Annalibus
1654 800 1667 825 :
1716 799 1855 841 quare
1900 783 2112 837 Livium,

400 881 527 919 xmv,
557 880 593 908 c.
626 880 697 921 17,
729 863 888 923 paullo
911 861 1060 904 levius
1093 859 1140 902 in
1176 860 1262 902 hac
1292 875 1342 903 re
1374 867 1602 902 versatum
1628 875 1723 903 esse
1753 860 2042 904 crediderim.

466 942 704 986 Proelium.
734 939 811 982 Ad
844 939 1058 995 Pydnam
1089 936 1279 990 factum,
1310 951 1349 980 a.
1378 936 1436 979 U.
1474 937 1522 979 C.
1557 933 1675 990 584,
1700 953 1738 979 a.
1769 938 1818 980 C.
1842 939 1899 981 N.
1942 936 2044 980 168.

465 1017 568 1061 Cap.
603 1018 665 1060 ΙΙ.
701 1015 1032 1058 Macedonia...
1073 1012 1263 1072 triginta
1293 1027 1420 1070 reges
1452 1011 1625 1055 habuit.
1652 1012 1798 1055 Finiri
1812 1013 1888 1055 hic
1921 1021 2112 1070 possent

400 1094 603 1138 historice
621 1090 928 1150 Philippicae,
948 1089 976 1132 i.
997 1104 1034 1132 e.
1049 1088 1380 1143 macedonicae,
1398 1087 1487 1131 nisi
1504 1096 1794 1146 superessent
1810 1088 1960 1132 adhuc
1969 1103 2112 1146 regna

401 1168 766 1224 Seleucidarum‚
796 1167 1176 1219 Ptolemaeorum,
1204 1165 1314 1219 alia,
1345 1164 1512 1222 quihus
1546 1179 1741 1222 magnus
1768 1164 1970 1223 Philippi
1993 1162 2115 1208 filius

401 1246 632 1305 originem
656 1243 799 1287 dedit.
835 1245 891 1286 In
913 1242 1051 1299 hujus
1079 1241 1243 1300 igitur,
1276 1250 1325 1284 ut
1356 1241 1418 1284 ita
1443 1240 1617 1297 dicam,
1638 1255 1889 1299 regnorum
1918 1250 2116 1304 μητροπό-

398 1337 493 1378 λεως
518 1321 706 1365 interitu
737 1320 973 1377 paululum
1012 1317 1355 1361 subsistendum
1387 1333 1482 1362 esse
1517 1317 1732 1361 arbitror.
1767 1317 1994 1360 Nimirum
2019 1318 2114 1361 Eu—

400 1399 553 1444 sebius
580 1398 630 1440 in
657 1396 895 1441 Chronicis
925 1408 1055 1453 reges
1087 1395 1398 1452 quadraginta
1432 1393 1718 1437 Macedoniae
1752 1393 1998 1452 imperium
2028 1395 2116 1438 ob-

400 1474 590 1520 tinuisse
633 1474 799 1527 resert3
834 1471 991 1513 Livius
1030 1485 1165 1522 vero,
1198 1484 1311 1523 XLV,
1348 1485 1384 1512 c.
1423 1485 1470 1527 9,
1505 1470 1671 1529 viginti
1696 1478 1902 1524 tantum,
1950 1470 2116 1514 eodem

401 1552 592 1610 quidem
616 1549 788 1607 spatio,
819 1547 878 1589 ab
911 1546 1088 1588 Carano
1112 1547 1178 1587 ad
1207 1546 1377 1588 Persen
1394 1562 1411 1598 ,·
1446 1548 1471 1588 J
1477 1546 1650 1588 ustinus
1679 1545 1882 1603 denique
1912 1546 2114 1605 triginta.

401 1628 551 1683 Quam
595 1625 736 1668 mirus
783 1622 1015 1665 dissensus
1054 1621 1100 1663 in
1142 1634 1290 1679 regno
1332 1621 1501 1664 veteris
1543 1620 1694 1675 orbis,
1728 1620 1766 1664 si
1814 1621 1875 1665 ab
1921 1636 2117 1665 romano

401 1702 686 1756 discesseris,
716 1699 923 1744 omnium
953 1697 1278 1756 potentissimo
1311 1706 1354 1741 et
1378 1696 1656 1741 clarissimo!
1684 1698 1853 1741 Verum
1878 1706 1926 1741 ut
1953 1698 2000 1741 in
2020 1698 2119 1742 aliis

400 1780 539 1825 rebus
572 1778 742 1823 Justini
774 1791 954 1821 errores
988 1783 1152 1818 notare
1189 1774 1495 1829 debebamus,
1524 1773 1588 1818 sic
1626 1774 1674 1817 in
1704 1774 1794 1817 hoc
1827 1789 1988 1833 regum
2015 1791 2117 1818 ma-

403 1856 734 1901 cedonicorum
769 1868 965 1896 numero
1009 1866 1167 1894 verum
1210 1851 1269 1893 ab
1303 1866 1357 1894 eo
1398 1850 1617 1893 traditum
1654 1864 1752 1894 esse
1794 1849 1886 1908 jam
1929 1849 2120 1894 videbi-

403 1949 520 1977 mus.
554 1933 810 1975 Numerare
844 1928 965 1972 enim
1006 1926 1157 1970 noluit
1192 1927 1279 1970 nisi
1301 1927 1454 1982 justos
1479 1941 1609 1984 reges
1643 1941 1843 1984 vereque
1875 1942 1927 1970 ea
1959 1925 2118 1985 digni-

403 2018 496 2054 tate
521 2009 702 2052 functos
730 2023 740 2049 ε
767 2020 881 2064 quos
917 2004 1110 2064 triginta
1144 2002 1281 2046 fuisse
1305 2002 1530 2046 continuo
1554 2002 1640 2044 tibi
1676 2001 1867 2060 patebit.
1908 2017 1946 2045 1.
1980 2001 2123 2045 Cara—

406 2101 522 2141 nus,
572 2101 612 2128 2.
671 2084 864 2136 Coenus,
914 2081 953 2126 3.
1006 2079 1273 2139 Thyrimas,
1335 2085 1374 2131 4.
1427 2077 1689 2133 Perdiccas,
1732 2077 1772 2121 5.
1818 2081 2032 2138 Argaeus,
2078 2078 2121 2121 6.

404 2163 670 2221 Philippus,
709 2175 750 2215 7.
786 2160 1024 2215 Aeropus,
1058 2157 1099 2199 8.
1134 2157 1333 2210 Alcetas,
1369 2170 1412 2214 9.
1443 2159 1687 2213 Amyntas,
1726 2170 1794 2197 10.
1830 2155 2124 2209 Alexander,

412 2256 481 2284 11.
514 2237 753 2283 Perdiccas
793 2236 930 2290 alter,
966 2249 1036 2278 12.
1080 2234 1354 2288 Archelaus,
1397 2233 1466 2275 13.
1504 2233 1714 2287 Orestes,
1763 2237 1833 2284 τί..
1875 2233 2124 2278 Pausanias

406 2332 538 2374 gnam
571 2323 771 2358 tutorem
801 2310 1001 2365 Orestis,
1025 2314 1286 2369 Aeropum,
1305 2324 1329 2353 a
1348 2323 1440 2367 quo
1471 2308 1549 2351 ille
1577 2308 1752 2352 occisus
1771 2310 2124 2368 est,Pompeius

406 2395 504 2437 sine
537 2391 681 2435 dubio
720 2389 961 2442 omiserat3
1005 2388 1064 2430 ab
1097 2387 1298 2430 Eusebio
1334 2384 1583 2445 refertur),
1626 2384 1695 2428 15.
1728 2388 1951 2445 Amyntas
1984 2386 2125 2440 alter,

414 2470 483 2513 16.
516 2467 776 2512 Alexander
810 2466 924 2507 alter
958 2462 1106 2526 (hunc
1148 2463 1384 2506 interemit
1423 2464 1691 2506 Ptolemaeus
1729 2462 1952 2518 Aloritas,
1986 2478 2124 2521 quem

405 2545 669 2603 Dexippus,
692 2552 742 2586 ut
766 2557 903 2600 supra
929 2541 1309 2593 memoravimus,
1339 2547 1538 2602 ἀλλότριον
1568 2549 1729 2592 vocat,
1755 2556 1905 2598 neque
1938 2556 1962 2583 a
1987 2542 2126 2584 Pom-

407 2623 514 2683 peio
550 2622 670 2665 inter
705 2618 990 2662 Macedoniae
1017 2633 1146 2676 reges
1186 2618 1353 2659 relatus
1386 2614 1504 2678 fuit),
1548 2632 1618 2671 17.
1658 2616 1898 2660 Perdiccas
1937 2616 2126 2670 tertius,

416 2699 483 2743 18.
518 2686 756 2755 Philippus
792 2696 928 2745 alter,
960 2698 1169 2754 Amyntae
1202 2692 1344 2748 filius,
1381 2709 1451 2752 19.
1486 2694 1754 2736 Alexander
1787 2695 2011 2752 Magnus,
2047 2707 2122 2737 20.

412 2775 643 2826 Aridaeus,
675 2772 879 2830 Philippi
902 2769 1046 2825 filius,
1083 2784 1157 2815 21.
1195 2771 1473 2823 Cassander,
1510 2785 1566 2813 22
1604 2779 1648 2814 et
1683 2770 1758 2814 23.
1792 2773 1896 2814 Duo
1932 2769 2026 2827 ejus
2062 2767 2122 2811 fi—

413 2852 487 2905 lii,
522 2857 595 2903 24.
622 2848 883 2893 Demetrius
909 2848 1217 2901 Poliorcetes,
1255 2846 1327 2891 25.
1361 2848 1631 2890 Ptolemaeus
1661 2847 1914 2900 Ceraunus,
1941 2845 2024 2900 26,
2052 2860 2125 2901 27.

413 2937 607 2985 uterque
633 2924 894 2983 Antigonus
914 2958 925 2978 ,
956 2923 1030 2967 28.
1059 2924 1321 2968 Demetrius
1358 2925 1487 2977 alter,
1522 2938 1597 2982 29.
1630 2923 1865 2982 Philippus
1884 2955 1896 2977 ,
1922 2922 2000 2980 qui
2024 2938 2125 2965 cum

414 3002 636 3047 Romanis
664 3002 910 3061 pugnavit,
939 3000 1012 3044 30.
1031 3003 1235 3045 Perseus.
1260 3001 1449 3059 Singula
1468 3001 1516 3043 in
1544 3001 1631 3044 hac
1652 3014 1813 3057 regum
1839 2998 2127 3042 successione

415 3080 451 3122 si
495 3093 773 3137 cognoscere
805 3077 957 3136 cupis,
991 3078 1213 3135 legendus
1247 3087 1312 3121 cst
1343 3093 1557 3121 excursus
1589 3084 1773 3134 quartus
1809 3075 1856 3117 in
1899 3075 2127 3119 Clintonis

416 3157 569 3197 Fastis
599 3154 860 3206 lzellenz'cc‘s,
896 3154 1105 3198 editione
1131 3155 1357 3212 Kruegeri
1377 3188 1388 3208 ‚
1413 3170 1457 3212 p.
1490 3149 1726 3207 235-257.

486 3232 627 3274 Annis
657 3231 949 3289 noningentis
967 3242 1012 3274 et
1035 3232 1203 3290 viginti
1227 3232 1378 3274 tribus.
1399 3229 1489 3284 Qui
1519 3245 1734 3272 numerus
1753 3245 1846 3288 quo
1876 3229 2019 3273 modo
2057 3229 2126 3272 ef-

420 3305 493 3349 fici
525 3308 692 3364 possit,
726 3309 876 3350 haereo
917 3323 927 3349 ε
968 3324 1195 3351 annorum
1229 3308 1349 3351 enim
1386 3307 1444 3350 ab
1484 3306 1583 3349 aliis
1616 3308 1866 3350 relatorum
1908 3321 2126 3350 numerus

420 3382 643 3426 maximus
678 3400 733 3426 ne
775 3394 1013 3427 sexcentos
1047 3385 1232 3442 quidem
1281 3392 1320 3425 et
1369 3384 1700 3441 qninquaginta
1740 3399 1886 3427 annos
1929 3381 2125 3425 excedit.
