2248 3697
92 247 167 263 m
173 244 708 262 *mmmmmxvvumvwwwws
716 242 949 259 mmuwwxmva
955 240 1106 256 txwvxxxx
1112 242 1122 254 ι
1131 241 1186 256 xm!
1191 240 1363 255 vxmwtxxtx
1369 240 1383 252 ι
1390 240 1421 254 νς
1431 237 1520 253 mvn&
1526 237 1581 252 mxx
1589 237 1643 252 ιιι
1649 236 1739 252 »tt-vs
1746 237 1779 250 nx
1786 237 1820 250 u

617 494 943 562 LIBER
1012 493 1302 561 XXXI.

96 1061 139 1111 Ι.
159 1007 475 1114 MORTUO
506 1052 799 1107 Ptolemaeo
830 1051 1183 1127 Philopatore
1205 1097 1219 1124 ,
1265 1074 1391 1129 rege
1413 1055 1662 1130 AEgypti,
1698 1074 1829 1108 con-

97 1166 412 1230 temptaque
439 1151 656 1228 parvuli
678 1150 774 1205 filii
806 1151 923 1225 ejus
957 1163 1140 1222 aetate,
1167 1154 1285 1227 qui,
1305 1154 1361 1207 in
1387 1175 1538 1230 spem
1566 1155 1720 1230 regni
1746 1175 1830 1208 re-

97 1254 284 1323 lictus,
314 1251 506 1328 praedae
533 1251 696 1304 etiam
728 1249 1039 1305 domesticis
1069 1264 1212 1323 erat,
1246 1253 1556 1308 Antiochus
1575 1297 1588 1323 ,
1615 1274 1707 1308 rex
1740 1256 1836 1328 Sy-

98 1355 218 1423 riae,
252 1371 523 1427 occupare
563 1352 862 1426 AEgyptum
899 1351 1105 1405 statuit.
1142 1352 1335 1426 Itaque
1376 1353 1700 1422 Phoenicen,
1748 1373 1831 1407 ce-

100 1465 353 1526 terasque
400 1451 565 1525 Syriae
621 1449 874 1524 quidem,
932 1449 1024 1503 sed
1083 1452 1222 1526 juris
1284 1453 1535 1528 aegyptii,
1586 1454 1833 1506 civitates

107 1573 279 1628 quum
320 1551 633 1620 invasisset,
681 1548 889 1626 legatos
940 1550 1009 1604 ad
1057 1571 1181 1605 eum
1234 1564 1453 1606 senatus
1507 1554 1702 1620 mittit,
1737 1553 1830 1627 qui

104 1653 492 1708 denuntiarent
519 1651 602 1720 ei,
637 1650 933 1704 abstineret
966 1670 1139 1726 regno
1168 1650 1384 1727 pupilli,
1420 1636 1710 1727 postremis
1740 1672 1835 1727 pa-

104 1754 200 1807 tris
248 1751 503 1828 precibus
551 1749 675 1804 fidei
712 1770 822 1804 suae
873 1748 1075 1803 traditi.
1123 1751 1342 1822 Quibus
1398 1752 1625 1827 spretiS,
1668 1752 1838 1806 inter-

99 1856 244 1930 jecto
268 1865 540 1928 tempore,
575 1849 681 1905 alia
711 1849 913 1927 legatio
948 1851 1286 1927 supervenit,
1323 1872 1471 1927 quae,
1509 1851 1708 1906 omissa
1741 1872 1840 1927 pu—

106 1955 223 2032 pilli
252 1973 515 2031 persona,
544 1953 787 2006 civitates
809 1994 821 2020 ,
843 1953 968 2027 jure
997 1950 1124 2005 belli
1165 1951 1332 2006 factas
1365 1951 1559 2028 populi
1596 1952 1837 2019 romani,

106 2059 162 2110 in
196 2058 473 2131 integrum
517 2054 733 2108 restitui
772 2053 1017 2128 jubebat.
1066 2052 1345 2108 Abnuenti
1387 2052 1591 2108 bellum
1626 2053 1840 2107 denun-

105 2159 302 2211 tiatum
330 2176 341 2210 2
370 2154 519 2229 quod
553 2153 641 2209 ille
674 2152 829 2208 facile
863 2166 1179 2229 susceptum
1212 2152 1500 2208 infeliciter
1529 2155 1707 2230 gessit.
1731 2156 1839 2207 Eo-

107 2256 229 2310 dem
264 2267 508 2329 tempore
533 2265 584 2307 et
609 2254 782 2310 Nabis
814 2266 1082 2329 tyrannus
1116 2252 1316 2308 multas
1350 2255 1573 2309 Graeciae
1597 2255 1839 2307 civitates

108 2365 489 2429 occupaverat.
538 2354 717 2429 Igitur
764 2366 1012 2423 senatus,
1061 2376 1129 2408 ne
1179 2375 1289 2407 uno
1339 2367 1584 2430 tempore
1636 2352 1841 2430 duplici

108 2453 250 2508 bello
303 2474 542 2507 romanae
586 2454 726 2506 vires
778 2452 1195 2523 distinerentur,
1239 2455 1454 2529 scripsit
1499 2453 1841 2518 Flaminino,

112 2555 154 2607 si
186 2555 233 2608 ei
271 2553 553 2620 videatur,
591 2553 749 2606 sicuti
779 2552 1167 2607 Macedoniam
1200 2575 1230 2607 a
1262 2553 1520 2630 Philippo
1541 2598 1553 2621 ,
1586 2555 1659 2608 ita
1694 2556 1845 2609 Grae-

113 2655 251 2708 ciam
293 2674 324 2708 a
363 2652 578 2709 Nabide
616 2650 824 2705 liberet.
869 2652 956 2706 Ob
993 2673 1154 2726 quam
1199 2674 1419 2707 causam
1459 2655 1748 2728 imperium
1795 2653 1842 2705 ei

116 2765 473 2829 prorogatum
505 2764 600 2806 est.
648 2750 913 2805 Terribile
955 2754 1159 2828 quippe
1203 2754 1461 2807 Antiochi
1497 2753 1701 2807 bellum
1736 2755 1841 2807 An-

115 2853 308 2907 nibalis
339 2874 539 2907 nomen
571 2852 837 2921 faciebat,
861 2872 1023 2926 quem
1049 2851 1227 2905 aemuli
1259 2853 1401 2927 ejus,
1430 2852 1657 2907 occultis
1687 2874 1840 2906 man-

117 2952 281 3021 datis,
315 2974 439 3005 cum
469 2952 743 3007 Antiocho
776 2953 940 3005 inisse
984 2953 1325 3017 societatem,
1369 2953 1516 3028 apud
1568 2957 1845 3006 Romanos

117 3052 565 3118 criminabantur,
601 3065 894 3128 negantes,
928 3072 1051 3105 eum
1084 3072 1240 3125 aequo
1274 3053 1456 3107 animo
1497 3053 1595 3106 sub
1633 3051 1842 3128 legibus

119 3153 296 3203 vivere
320 3193 333 3218 ,
369 3163 643 3205 assuetum
674 3153 904 3226 imperio
923 3194 936 3221 ,
972 3164 1025 3205 et
1070 3151 1427 3206 immoderata
1458 3151 1675 3206 licentia
1705 3151 1844 3206 mili«

119 3251 250 3319 tari3
278 3270 628 3324 semperque,
662 3250 821 3304 taedio
854 3253 1049 3325 quietis
1088 3251 1333 3319 urbanae,
1369 3272 1535 3305 novas
1571 3250 1695 3305 belli
1722 3272 1843 3305 cau-
