2248 3697
437 206 464 248 6
473 219 496 246 2
1185 202 1420 247 JUSTINI

447 323 662 378 quoque
703 303 845 376 ipsos
886 307 1260 358 Romanorum
1301 303 1624 373 violassent,
1667 307 1801 375 nisi,
1842 309 2027 363 audito
2069 322 2152 364 tu-

446 400 648 469 multu,
684 400 881 475 trepidi
911 401 1189 478 fugissent.

524 502 593 553 II.
640 503 767 554 Haec
814 501 906 554 ubi
955 504 1145 555 Romae
1196 504 1444 557 nuntiata
1498 515 1656 573 sunt,
1705 505 1886 558 statim
1938 516 2152 558 senatus

445 601 715 656 Mummio
752 599 961 655 consuli
999 599 1205 654 bellum
1246 601 1527 655 achaicum
1569 603 1812 657 decernit
1848 623 1859 655 :
1895 602 2019 677 qui,
2057 622 2149 656 ex-

448 699 652 776 templo
696 699 935 753 exercitu
976 698 1291 772 deportatO,
1335 711 1388 752 et
1427 701 1679 754 omnibus
1719 713 1937 755 strenue
1974 701 2150 775 provi-

446 802 544 868 sis,
583 798 861 876 pugnandi
904 798 1115 872 copiam
1156 796 1403 850 hostibus
1444 797 1582 851 fecit.
1631 799 1737 852 Sed
1777 799 1960 853 Achaei
2004 797 2153 852 velut

447 900 580 955 nihil
621 899 823 974 negotii
871 916 1096 950 romano
1137 893 1282 948 bello
1323 896 1715 970 suscepissent,
1755 899 1830 951 ita
1869 898 2015 972 apud
2063 919 2153 954 eos

447 999 688 1076 neglecta
731 997 912 1051 omnia
961 1007 1011 1049 et
1058 994 1235 1048 soluta
1278 993 1443 1047 fuere.
1491 996 1682 1069 Itaque
1732 996 2000 1070 praedam,
2044 1019 2152 1053 non

448 1099 697 1175 proelium
730 1098 1059 1172 cogitanteS,
1096 1106 1148 1149 et
1180 1093 1456 1162 vehicula,
1495 1094 1563 1148 ad
1595 1094 1768 1170 spolia
1793 1095 2033 1150 hostium
2063 1118 2150 1152 re-

447 1198 745 1276 portanda,
794 1197 1095 1265 duxerunt,
1141 1207 1195 1249 et
1237 1195 1494 1269 conjuges
1537 1193 1844 1269 liberosque
1886 1217 2045 1267 SUOS,
2086 1198 2151 1252 ad

447 1298 815 1376 spectaculum
864 1295 1202 1363 certaminiS,
1251 1295 1307 1348 in
1356 1294 1635 1348 montibus
1681 1309 1997 1370 posuerunt.
2050 1296 2151 1352 Sed

448 1400 636 1476 proelio
666 1399 974 1465 commisso,
1007 1407 1132 1449 ante
1163 1393 1348 1448 oculos
1379 1413 1602 1447 suorum
1634 1396 1783 1465 caesi,
1815 1393 2047 1471 lugubre
2070 1396 2153 1452 his

447 1496 837 1574 spectaculum,
879 1507 929 1548 et
970 1513 1189 1569 gravem
1228 1491 1405 1546 luctus
1439 1492 1759 1545 memoriam
1795 1491 2151 1568 reliquerunt.

447 1598 718 1671 Conjuges
771 1614 990 1669 quoque
1045 1592 1311 1666 liberique
1366 1611 1587 1659 eorum,
1644 1591 1709 1645 de
1765 1593 2154 1666 spectatoribus

447 1696 646 1770 captivi
678 1694 831 1761 facti,
861 1690 1044 1768 praeda
1069 1691 1307 1744 hostium
1341 1689 1507 1743 fuere.
1536 1689 1684 1744 Urbs
1714 1691 1829 1765 ipsa
1854 1691 2152 1746 Corinthus

448 1794 715 1861 diruitur,
752 1790 987 1867 populus
1027 1790 1200 1843 omnis
1240 1789 1339 1842 sub
1380 1809 1582 1843 corona
1621 1788 1874 1842 venditur
1908 1810 1919 1842 ε
1954 1802 2016 1844 ut
2052 1789 2155 1844 hoc

449 1892 692 1967 exemplo
724 1892 912 1946 ceteris
944 1889 1253 1944 civitatibus
1282 1900 1456 1942 metus
1485 1907 1749 1942 novarum
1790 1909 1971 1942 rerum
2005 1889 2156 1944 incu—

448 2006 670 2048 teretur.
703 1995 853 2047 Dum
887 1990 1001 2044 haec
1037 2000 1300 2065 aguntur,
1336 2008 1429 2041 rex
1461 1988 1624 2062 Syriae
1651 1988 1952 2042 Antiochus
1976 1987 2155 2044 Ptole-

447 2114 606 2159 macO,
639 2093 859 2166 majoris
891 2090 1087 2144 sororis
1120 2109 1226 2142 suae
1257 2086 1394 2154 filio,
1428 2088 1539 2162 regi
1568 2088 1813 2163 AEgypti,
1843 2087 2046 2141 bellum
2075 2089 2156 2142 in-

448 2193 574 2261 fert,
598 2193 748 2268 segni
771 2189 1092 2253 admodum,
1117 2199 1168 2242 et
1192 2186 1508 2261 quotidiana
1531 2184 1743 2239 luxuria
1769 2186 1843 2239 ita
1863 2187 2153 2258 marcenti,

448 2305 509 2346 ut
541 2312 651 2345 non
685 2290 859 2346 solum
896 2289 1055 2365 regiae
1086 2286 1376 2361 maJ'estatis
1412 2284 1588 2339 officia
1618 2286 2031 2355 intermitteret,
2064 2307 2155 2339 ve-

448 2412 569 2445 rum
605 2391 764 2444 etiam
801 2408 957 2442 sensu
998 2387 1235 2440 hominis
1274 2385 1440 2439 nimia
1482 2385 1668 2459 sagina
1703 2395 1924 2438 careret.
1960 2382 2154 2438 Pulsus

449 2492 615 2565 igitur
644 2509 838 2563 regno,
872 2487 940 2540 ad
978 2486 1200 2540 fratrem
1231 2485 1496 2537 minorem
1526 2481 1880 2537 Ptolemaeum
1919 2481 2154 2538 Alexan-

449 2589 621 2641 driam
662 2585 908 2661 confugit
941 2607 951 2638 :
989 2585 1421 2659 participatoque
1457 2603 1581 2636 cum
1621 2602 1684 2636 eo
1723 2602 1916 2656 regnO,
1952 2580 2156 2656 legatos

450 2691 678 2741 Romam
702 2685 770 2738 ad
793 2696 1041 2738 senatum
1065 2683 1316 2750 mittunt,
1339 2680 1537 2735 auxilia
1560 2693 1777 2755 petunt,
1804 2680 1964 2734 fidem
1993 2682 2158 2735 socie-

450 2786 570 2839 tatis
599 2783 911 2859 implorant.
940 2785 1162 2836 Movere
1187 2792 1431 2834 senatum
1458 2799 1642 2855 preces
1667 2778 1914 2832 fratrum.

528 2886 624 2937 ΙΙΙ.
672 2884 914 2937 Mittitur
951 2882 1129 2955 itaque
1169 2879 1377 2955 legatus
1415 2877 1654 2952 Popilius
1688 2877 1755 2931 ad
1792 2878 2122 2932 Antiochum
2144 2921 2157 2945 ,

452 3004 543 3057 qui
593 2983 862 3036 abstinere
913 2979 1066 3034 illum
1111 2982 1370 3055 AEgypto,
1409 2990 1530 3044 aut,
1571 2978 1612 3030 si
1663 2977 1776 3051 jam
1826 2977 2156 3043 incessisset,

453 3082 705 3136 excedere
753 3080 982 3155 juberet.
1040 3081 1229 3149 Quum
1280 3079 1330 3131 in
1376 3079 1605 3151 AEgypto
1658 3096 1781 3129 eum
1832 3077 2157 3144 invenisset,

455 3182 804 3254 osculumque
841 3181 886 3232 ei
921 3199 1008 3231 rex
1046 3176 1329 3231 obtulisset
1367 3171 1531 3243 (nam
1574 3173 1814 3228 coluerat
1850 3177 1988 3228 inter
2023 3186 2160 3228 cete-
