2315 3868
412 377 426 402 1
438 360 463 403 6
472 367 497 414 4
886 362 1159 406 PROLOGI
1200 362 1645 407 HISTORIARUM

407 467 549 518 inter
583 464 928 539 Antigonum
964 477 1018 518 et
1054 468 1360 520 Eumenem
1395 478 1607 542 gestum
1648 486 1658 518 ε
1695 486 1857 540 quem
1894 478 1955 520 ut
1991 469 2134 541 Cap-

406 562 635 638 padocia
686 562 897 638 expulit
943 565 1287 641 Antigonu5‚
1338 565 1414 620 sic
1469 566 1706 640 Phrygia
1752 565 1963 619 minore
2013 566 2138 620 Ari-

407 661 580 715 daeum
632 683 642 715 ε
697 674 756 718 ut
803 662 980 718 Clitus
1033 665 1209 719 victus
1253 666 1309 718 in
1354 664 1711 740 Hellesponto
1758 663 1936 719 navali
1975 663 2135 719 bello.

407 762 726 837 Repetitum
756 783 945 817 rursus
975 761 1184 817 bellum
1212 763 1278 817 ab
1309 765 1554 817 Eumene
1583 784 1680 839 per
1710 762 2138 840 Argyraspidas3

407 880 517 935 quo
549 861 725 916 victus
764 861 829 915 ab
865 861 1146 937 Antigono
1181 862 1407 917 interiit.
1445 865 1522 917 Ut
1558 863 1613 916 in
1647 863 1973 917 Macedonia
2004 864 2139 916 Cas-

408 959 633 1030 sander,
689 962 831 1015 victo
884 959 1357 1036 Polyperchonte,
1410 973 1734 1036 receptaque
1787 983 1817 1016 a
1871 961 2143 1016 defectore

408 1060 707 1135 Munychia
726 1104 739 1129 ,
767 1072 1001 1114 matrem
1031 1059 1331 1116 Alexandri
1366 1059 1782 1136 Olympiadem,
1816 1061 2018 1135 Pydnae
2049 1061 2143 1115 ob-

411 1179 612 1212 sessam
627 1202 640 1228 ,
676 1159 965 1214 interfecit.

917 1355 1268 1392 PROLOGUS
1315 1358 1495 1392 LIBRI
1541 1359 1638 1392 XV.

495 1508 710 1578 Quinto
738 1506 948 1560 decimo
974 1505 1254 1560 volumine
1279 1508 1633 1561 continentur
1663 1508 1775 1562 haec
1802 1529 1813 1562 ε
1841 1511 1921 1562 Ut
1947 1510 2147 1562 Deme-

414 1608 578 1676 trius,
615 1606 880 1682 Antigoni
915 1605 1088 1676 filius,
1127 1608 1287 1661 Gazae
1323 1607 1501 1660 victus
1535 1618 1615 1660 est
1655 1626 1685 1659 a
1722 1605 2033 1661 Ptolemaeo,
2073 1610 2152 1662 Ut

415 1705 722 1763 Cassander
758 1707 815 1760 in
847 1705 1178 1761 Macedonia
1215 1704 1390 1761 filium
1429 1705 1725 1761 Alexandri
1763 1708 1906 1783 regis
1940 1707 2156 1762 interfe-

414 1809 489 1862 cit
533 1830 543 1861 :
588 1828 649 1862 ac
696 1806 929 1861 alterum
976 1805 1461 1882 Polyperchontes.
1508 1809 1585 1862 Ut
1624 1806 1982 1861 Ptolemaeum
2026 1808 2158 1862 vicit

417 1906 586 1962 classe
610 1908 926 1962 Demetrius
952 1927 961 1960 :
990 1906 1244 1981 idemque
1268 1907 1334 1960 ab
1358 1906 1644 1961 obsidione
1666 1906 1849 1961 Rhodi
1871 1907 2157 1960 submotus

418 2019 513 2061 est.
545 2008 801 2082 Repetita
833 2008 889 2060 in
919 2027 1141 2061 excessu
1170 2007 1326 2082 origo
1357 2006 1706 2061 Rhodiorum
1736 2029 1746 2061 :
1780 2006 1926 2061 unde
1955 2006 2159 2083 digres-

419 2129 508 2162 sus
531 2107 847 2163 Demetrius
871 2105 1123 2160 liberavit
1145 2126 1175 2159 a
1199 2106 1508 2161 Cassandro
1532 2109 1815 2163 Graeciam.
1839 2108 1982 2163 Dein
2005 2118 2160 2183 pater

420 2210 534 2284 ejus
557 2208 872 2283 Antigonus
896 2206 1103 2262 bellum
1126 2229 1249 2263 cum
1275 2208 1603 2284 Lysimacho
1629 2220 1680 2262 et
1703 2206 1927 2262 Seleuco
1948 2208 2159 2263 habuit.

421 2309 690 2384 Repetitae
722 2305 937 2362 Seleuci
963 2329 1075 2374 reS‚
1105 2321 1159 2363 et
1187 2309 1329 2385 regis
1356 2308 1525 2362 Indiae
1550 2308 1919 2363 Sandrocotti.
1949 2309 2028 2362 Ut
2052 2308 2162 2363 vic-

422 2421 509 2462 tus
545 2407 690 2462 bello
726 2409 1032 2484 Antigonus
1068 2409 1301 2477 interiit3
1341 2407 1694 2483 reliquiaeque
1724 2409 1940 2484 imperii
1971 2420 2098 2462 sunt
2132 2429 2163 2462 a

425 2507 538 2562 filio
572 2509 687 2583 ejus
727 2507 964 2562 collectae
1002 2530 1012 2561 ε
1053 2520 1105 2561 et
1138 2508 1392 2562 Leonidae
1429 2508 1554 2562 inde
1591 2507 1847 2584 Spartani
1884 2528 1969 2562 res
2003 2520 2165 2585 gestae

426 2610 703 2683 Corcyrae,
737 2620 790 2663 et
819 2609 874 2661 in
905 2607 1148 2684 Illyrico,
1182 2621 1235 2662 et
1268 2610 1321 2662 in
1353 2607 1509 2663 Italia
1540 2630 1549 2662 :
1579 2609 1667 2664 cui
1693 2607 1874 2664 ablata
1895 2609 2164 2684 Corcyra,

428 2729 523 2762 rex
560 2707 864 2764 Cassander
903 2709 1125 2762 interiit.

924 2908 1277 2944 PROLOGUS
1324 2909 1501 2943 LIBRI
1547 2909 1671 2942 XVI.

514 3050 678 3103 Sexto
712 3047 922 3101 decimo
956 3047 1234 3102 volumine
1268 3049 1620 3102 continentur
1648 3046 1762 3099 haec
1798 3067 1808 3099 :
1841 3049 1918 3101 Ut
1951 3058 2168 3100 mortuo

436 3147 772 3217 CassandrO,
817 3148 1059 3222 ortisque
1099 3148 1240 3202 inter
1273 3147 1410 3201 filios
1446 3148 1561 3220 ejus
1605 3146 2022 3216 certaminibuS,
2059 3148 2169 3201 De-

438 3248 665 3301 metrius
702 3245 922 3320 adjutor
957 3247 1111 3301 alteri
1147 3247 1450 3315 adhibitus,
1490 3246 1670 3299 occiso
1710 3267 1798 3315 eo,
1834 3244 2169 3299 Macedoniae

440 3366 671 3419 regnum
704 3346 883 3398 tenuit
914 3367 923 3398 2
959 3367 1067 3420 quo
1102 3368 1228 3399 mox
1261 3347 1462 3419 ejectus
1492 3366 1521 3398 a
1549 3346 1791 3419 Pyrrho,
1825 3345 1976 3419 Epiri
2009 3363 2134 3417 rege
2157 3386 2170 3410 ,
