2315 3868
428 433 516 478 214
849 424 1336 469 ADNOTATIONES
1375 426 1437 468 IN
1475 426 1715 470 JUSTINI

491 522 618 562 Duce
660 519 921 577 Tryphone.
959 520 1170 563 Mirum:
1211 537 1318 564 nam
1347 522 1573 580 Tryphon
1599 521 1694 579 jam
1729 531 1834 566 octo
1863 525 1995 568 annis
2034 535 2140 570 ante

422 598 511 638 hoc
534 604 714 653 tempus
751 595 810 638 ab
849 596 1086 639 Antiocho
1117 597 1274 640 Sidete
1313 597 1488 641 occisus
1525 607 1648 653 erat,
1689 598 1894 642 Justinus
1929 600 2141 658 quidem,

421 686 584 729 supra,
620 687 766 714 xxxv1
787 705 798 726 ‚
836 688 873 715 c.
900 688 944 727 1,
979 672 1097 715 nihil
1122 672 1306 716 dixerat
1337 673 1427 715 nisi
1464 674 1583 717 bello
1615 675 1850 718 vincitur:
1882 683 1927 718 at
1951 676 2143 722 interfe-

424 756 547 791 ctum
580 763 676 790 esse
716 757 897 791 constat
933 764 987 791 ex
1014 748 1235 806 Appiano
1269 748 1395 806 Syn,
1438 764 1475 792 c.
1509 749 1598 805 68,
1631 759 1676 795 et
1709 751 1942 810 Joseph0‚
1984 752 2139 813 Antz'q.

412 822 541 879 jud„
578 839 615 866 c.
647 839 685 878 7.
707 824 804 867 Nisi
832 824 972 882 igitur
1001 823 1120 867 alius
1138 824 1276 881 plane
1308 822 1386 868 hic
1412 826 1637 884 Tryphon
1663 835 1755 881 est,
1781 842 1807 871 a
1831 828 1993 872 ceteris
2023 830 2141 873 scri--

420 898 635 956 ptoribus
664 915 763 942 non
787 909 1092 954 memoratuS,
1121 915 1327 943 errorem
1353 909 1602 945 statuamus
1627 917 1814 947 necesse
1838 912 1906 948 est
1925 920 1935 947 :
1954 919 2008 949 ac
2032 921 2143 951 sane

419 975 469 1018 in
502 976 661 1033 priore
697 976 927 1020 seditione
963 976 1102 1034 primi
1134 976 1401 1020 defecerant
1431 977 1796 1034 Antiochenses,
1831 979 2002 1024 deinde
2043 983 2142 1026 aliae

420 1050 628 1095 civitates
674 1064 685 1111 g
701 1052 768 1096 Cf.
809 1054 1022 1106 Josmm„
1060 1053 1147 1094 loc.
1187 1051 1288 1109 cit.,
1327 1069 1363 1096 c.
1404 1051 1480 1114 5);
1519 1061 1562 1096 et
1605 1055 1837 1111 Apameni
1875 1056 2140 1114 Tryphonis

418 1129 667 1185 populares
701 1137 843 1171 erant.

486 1216 717 1259 Antiochi.
748 1216 932 1260 Sidetis.

488 1305 767 1347 Alexandri.
805 1305 901 1359 Qui
941 1305 1224 1362 cognomine
1265 1316 1362 1350 erat
1401 1308 1629 1362 Zabinas,
1674 1308 1804 1366 quod
1836 1308 1886 1353 in
1917 1309 2141 1368 Syrorum

420 1380 576 1438 lingua
605 1378 834 1438 significat
863 1390 1022 1423 emtus.
1055 1380 1122 1424 Cf.
1155 1382 1339 1440 Prolog.
1367 1386 1529 1425 Annus
1555 1393 1622 1426 est
1654 1383 1743 1426 128
1773 1400 1812 1427 a.
1842 1385 1892 1428 C.
1920 1385 1977 1427 N.

484 1455 768 1511 Intctficitur.
803 1457 858 1497 A.
896 1454 999 1499 126.

489 1543 593 1586 Cap.
641 1542 701 1583 II.
740 1541 923 1583 Facetis
945 1540 1068 1595 jocis
1118 1543 1413 1602 sacrilegium
1447 1544 1833 1602 circumscribens.
1874 1565 1892 1583 «
1928 1545 2031 1588 Joci
2071 1545 2140 1589 illi

420 1618 583 1673 faceti,
616 1632 732 1675 quos
764 1631 903 1660 nemo
935 1617 1209 1675 explicavit,
1248 1618 1311 1661 ita
1342 1618 1637 1677 intelligendi
1671 1627 1790 1661 sunt.
1821 1619 1894 1663 Ex
1929 1628 2140 1664 veterum

417 1693 752 1748 monumentis,
793 1693 1046 1752 praesertim
1087 1702 1240 1738 autem
1288 1710 1345 1738 ex
1384 1694 1762 1750 numismatibus,
1805 1705 2011 1753 constat,
2049 1698 2139 1741 Jo-

422 1786 529 1815 vem
565 1786 683 1830 saepe
727 1771 787 1814 ita
835 1772 1065 1830 sculptum
1113 1781 1192 1814 aut
1225 1771 1376 1816 fusum
1413 1771 1573 1827 fuisse,
1612 1781 1660 1815 ut
1695 1772 1916 1816 Victoriae
1947 1773 2139 1817 simula-

418 1863 546 1891 crum
569 1849 677 1891 vola
701 1862 862 1890 manus
887 1847 1153 1901 sustineret,
1181 1856 1401 1906 porrecto
1427 1847 1633 1891 brachio.
1659 1849 1746 1891 Ille
1771 1857 1924 1892 autem
1941 1850 2141 1893 Alexan-

418 1923 524 1978 der,
557 1939 655 1967 rem
686 1923 831 1967 facete
861 1922 918 1966 ad
942 1922 1102 1980 jocum
1134 1924 1402 1979 traducens,
1434 1924 1618 1982 Ecquid
1645 1923 1838 1980 videtis,
1868 1925 2139 1984 inquiebat,

419 2000 446 2041 J
451 2015 585 2043 ovem
610 2000 759 2057 ipsum
785 2008 881 2058 opt.
900 2015 1021 2042 max.
1041 1999 1295 2043 Victoriam
1320 2000 1436 2042 mihi
1459 2001 1581 2043 ultro
1597 2000 1791 2056 offerre,
1819 2016 1872 2044 ac
1893 2017 1967 2045 me
1991 2017 2139 2060 prope

417 2077 642 2130 invitare,
679 2085 732 2119 ut
767 2091 866 2120 eam
901 2091 924 2119 e
962 2092 1106 2120 manu
1139 2076 1283 2135 ipsius
1318 2078 1505 2131 tollam,
1540 2093 1639 2135 quae
1666 2076 1841 2120 scilicet
1871 2077 2019 2121 nimio
2050 2078 2140 2137 ipsi

418 2153 549 2197 oneri
581 2162 649 2197 est
675 2168 871 2212 eumque
899 2153 949 2196 in
980 2153 1201 2197 sudorem
1230 2154 1341 2197 dare
1372 2163 1528 2212 posset
1562 2170 1570 2196 :
1605 2154 1668 2197 ita
1700 2168 1839 2212 grave
1870 2169 1922 2197 ac
1954 2154 2139 2212 ponde·-

415 2246 573 2274 rosum
605 2239 672 2273 est
703 2230 907 2273 solidum
923 2229 1040 2273 illud
1072 2245 1129 2273 ex
1147 2246 1260 2274 auro
1284 2230 1504 2274 Victoriae
1529 2230 1842 2273 simulacrum.
1872 2230 1962 2273 Hic
1981 2230 2139 2288 jocus,

415 2307 510 2350 haec
544 2307 698 2351 irrisio
733 2307 945 2365 sacrilegi
978 2307 1204 2366 principis
1235 2307 1334 2350 fuit.
1370 2326 1388 2345 »
1421 2308 1595 2350 FABER.
1628 2306 1742 2349 Noti
1777 2315 1883 2349 sunt
1914 2306 2139 2351 simillimi

416 2384 512 2427 sive
540 2384 692 2442 potius
722 2384 863 2427 iidem
893 2383 991 2441 joci
1022 2383 1236 2443 Dionysii
1270 2383 1568 2442 Syracusani,
1604 2398 1721 2441 quos
1746 2382 1953 2426 Valerius
1984 2385 2138 2427 Maxi-

415 2475 516 2503 mus
550 2460 687 2503 initio
720 2461 949 2504 librorum
983 2476 1174 2504 suorum
1206 2475 1263 2503 ex
1290 2459 1512 2504 Cicerone
1545 2460 1783 2518 expressit.

478 2548 599 2591 lovis
624 2563 814 2591 aureum
838 2549 1150 2591 simulacrum.
1170 2548 1272 2590 Hoc
1300 2547 1593 2606 sacrilegium
1617 2548 1830 2590 Clemens
1854 2547 2137 2592 Alexandri-

415 2640 501 2667 nus
534 2625 584 2667 in
616 2626 864 2682 Protrept„
906 2640 950 2683 p.
986 2624 1064 2679 15,
1106 2633 1149 2667 et
1179 2624 1413 2668 Arnobius
1444 2625 1560 2666 Adv.
1600 2625 1794 2677 Gentes,
1834 2640 1908 2680 vl,
1946 2640 1994 2683 p.
2023 2622 2134 2679 257,

416 2701 643 2745 Antiocho
675 2701 898 2760 Cyziceno
920 2702 1160 2756 tribuunt,
1179 2722 1199 2741 «
1222 2716 1381 2759 quem,
1412 2710 1463 2744 ut
1494 2701 1557 2744 ait
1581 2700 1840 2754 Arnobius,
1866 2699 2018 2744 ferunt
2042 2699 2131 2741 de-

417 2793 516 2821 cem
555 2778 821 2821 cubitorum
860 2779 1028 2822 Jovem
1062 2794 1118 2822 ex
1149 2778 1348 2822 delubro
1380 2793 1566 2821 aureum
1606 2776 1838 2819 sustulisse
1871 2784 1914 2818 et
1951 2790 2008 2818 ex
2043 2790 2132 2818 aere

416 2854 663 2898 bracteolis
696 2854 982 2898 substituisse
1009 2855 1221 2897 fucatum.
1256 2874 1273 2892 »

484 2942 649 2983 Frater
675 2943 819 3000 ipsius
854 2942 1116 2998 Cyzicenus.
1150 2942 1404 2986 Antiochus
1436 2940 1713 2999 Cyzicenus,
1749 2937 1963 2980 Antiochi
1994 2937 2132 2981 Side-

418 3015 497 3069 ris,
531 3016 683 3060 fratris
711 3017 957 3071 Demetrii,
993 3017 1147 3060 mariti
1176 3019 1457 3076 Cleopatrae,
1489 3015 1633 3070 filius,
1664 3015 1726 3057 oh
1754 3023 1926 3056 metum
1954 3015 2132 3057 Deme-

418 3091 493 3134 trii
527 3092 574 3135 in
610 3094 724 3136 urbe
760 3094 927 3153 Cyzico
963 3095 1197 3138 educatus.

488 3179 589 3221 CAp.
625 3181 708 3222 III.
745 3182 957 3224 Moritur.
997 3186 1047 3225 A.
1082 3197 1168 3236 117
1208 3198 1245 3224 a.
1282 3183 1331 3225 C.
1367 3183 1423 3223 N.

490 3265 713 3310 Minorem
735 3267 910 3325 filium.
952 3270 1247 3312 Ptolemaeum
1284 3266 1623 3318 Alexandrum3
1664 3264 1885 3318 majorem
1920 3279 1932 3304 :
1968 3263 2131 3306 Ptole—

422 3353 580 3382 maeum
611 3343 874 3387 Lathurum.
900 3344 1021 3387 Vide
1053 3345 1111 3388 de
1144 3345 1213 3387 his
1246 3343 1462 3387 omnibus
1496 3343 1549 3384 cl.
1583 3342 1934 3392 LETRONNIUM,
1969 3339 2019 3381 in
2044 3340 2132 3382 Re-

422 3413 636 3457 clzcrclzes
656 3432 781 3473 pour
809 3420 947 3461 servir
967 3419 997 3460 ὰ
1026 3420 1248 3461 l'lzistoire
1276 3420 1333 3461 (lc
1364 3407 1602 3477 l'Egypte,
1640 3433 1681 3474 p.
1722 3416 1807 3459 106
1842 3430 1941 3472 sqq.
