2248 3697
352 299 408 352 54
1094 297 1119 337 J
1122 296 1330 339 USTINI

351 423 459 458 non
492 403 719 476 gratiam
752 399 1066 475 legationiS‚
1103 400 1195 454 sed
1225 398 1414 453 odium
1446 394 1889 464 obtrectationis,
1925 415 2069 447 com-

348 501 574 574 paravit.
624 500 767 554 Nam
815 511 869 553 et
910 498 1057 574 apud
1101 498 1322 553 fratrem
1366 499 1624 551 Perseum
1672 493 1944 548 aemulatio
1991 492 2068 546 illi

348 598 609 652 invidiam
655 600 957 667 contraxit3
1001 611 1055 652 et
1099 597 1246 673 apud
1286 609 1499 672 patrem
1540 607 1670 648 nota
1710 592 2070 647 absolutionis

348 717 507 751 causa
545 696 765 753 offensae
802 698 930 767 fuit,
963 696 1287 772 indignante
1326 693 1610 771 Philippo,
1643 693 1767 770 plus
1805 693 2068 747 momenti

348 796 494 871 apud
521 810 767 851 senatum
800 816 1084 871 personam
1112 793 1235 864 filii,
1266 815 1429 868 quam
1460 796 1840 849 auctoritatem
1873 792 2067 867 patriS,

347 917 408 951 ac
435 897 756 974 dignitatem
782 896 943 971 regiae
969 895 1292 970 majestatis,
1319 894 1590 947 habuisse.
1617 894 1795 968 Igitur
1818 896 2072 960 PerseUS,

348 1008 634 1072 perspecta
671 996 843 1071 patris
880 992 1234 1069 aegritudine,
1269 992 1517 1068 quotidie
1556 992 1835 1045 absentem
1869 993 2072 1045 Deme-

350 1096 517 1148 trium
563 1093 710 1170 apud
759 1113 881 1148 eum
931 1094 1244 1159 criminari3
1298 1105 1350 1147 et
1397 1093 1578 1167 primo
1628 1091 1903 1160 invisum,
1954 1101 2076 1165 post

348 1193 510 1247 etiam
537 1205 850 1270 suspectum
875 1192 1101 1247 reddere
1128 1214 1138 1246 :
1167 1212 1315 1247 nunc
1345 1192 1642 1246 amicitiam
1666 1194 2043 1245 Romanorum
2060 1232 2074 1256 ,

348 1312 497 1347 nunc
536 1293 905 1368 proditionem
943 1293 991 1346 ei
1032 1293 1201 1368 patris
1242 1292 1533 1367 objectare.
1576 1290 1664 1345 Ad
1702 1301 2075 1365 postremum,

350 1392 572 1447 insidias
612 1394 714 1448 sibi
745 1394 813 1447 ab
847 1414 911 1447 eo
942 1406 1157 1468 paratas
1190 1391 1450 1467 confingit
1491 1412 1501 1443 :
1544 1389 1612 1443 ad
1650 1390 1803 1464 cujus
1836 1389 1914 1442 rei
1948 1408 2076 1463 pro-

349 1490 626 1544 bationem
665 1492 911 1544 immittit
943 1490 1180 1555 indices,
1218 1502 1380 1543 testes
1417 1488 1715 1552 subornat3
1751 1499 1805 1540 et
1836 1486 2071 1549 facinus,

351 1590 499 1664 quod
528 1591 742 1667 objicit,
774 1590 1031 1645 admittit.
1060 1589 1276 1661 Quibus
1307 1589 1469 1643 rebus
1499 1586 1782 1663 compulso
1812 1586 1879 1640 ad
1906 1587 2080 1662 parri-

352 1689 557 1744 cidium
590 1702 770 1765 patre,
800 1691 1072 1745 funestam
1105 1710 1322 1743 omnem
1354 1689 1560 1764 regiam
1592 1688 1735 1742 facit.

433 1792 532 1843 III.
578 1789 777 1845 Occiso
807 1790 1120 1858 DemetriO,
1153 1786 1481 1864 sublatoque
1513 1786 1734 1858 aemulO,
1768 1809 1878 1842 non
1911 1785 2080 1863 negli-

353 1890 570 1964 gentior
618 1900 833 1942 tantum
876 1891 1104 1943 Perseus
1150 1889 1205 1942 in
1250 1900 1493 1964 patrem,
1530 1908 1722 1941 verum
1764 1888 1928 1941 etiam
1967 1890 2075 1962 jam

352 1988 733 2041 contumacior
772 1999 889 2041 erat
935 2009 945 2040 ε
991 2008 1088 2042 nec
1129 1985 1385 2041 heredem
1427 1988 1614 2062 regni,
1658 1987 1750 2041 sed
1794 2007 1977 2062 regem
2027 2008 2080 2041 sc

355 2087 592 2162 gerebat.
642 2088 741 2141 His
785 2087 948 2141 rebus
993 2085 1232 2141 offensus
1277 2086 1566 2162 Philippus
1609 2087 1983 2161 impatientius
2025 2088 2079 2140 in

355 2185 468 2240 dies
510 2200 745 2241 mortem
785 2187 1052 2241 Demetrii
1092 2184 1333 2255 dolebat,
1376 2199 1507 2241 tunc
1549 2198 1599 2240 et
1640 2186 1847 2240 insidiis
1888 2207 1942 2240 se
1981 2187 2083 2240 cir-

355 2299 712 2342 cumventum
743 2288 1033 2362 suspicari,
1065 2299 1224 2341 testes
1256 2286 1569 2361 indicesque
1600 2300 1872 2362 torquere.
1902 2290 2082 2363 Atque

357 2386 433 2441 ita
479 2388 699 2463 cognita
742 2386 967 2453 fraude,
1018 2407 1129 2441 non
1176 2387 1358 2440 minus
1406 2386 1606 2441 scelere
1654 2388 1868 2456 Persei,
1918 2408 2081 2461 quam

358 2487 565 2540 innoxii
597 2487 863 2542 Demetrii
898 2498 1103 2557 morte,
1142 2486 1485 2540 cruciabatur
1520 2508 1529 2540 :
1564 2486 1967 2561 peregissetque
2000 2485 2082 2539 ul·-

361 2586 592 2655 tionem,
636 2587 740 2640 nisi
778 2598 951 2640 morte
993 2598 1299 2662 praeventus
1341 2586 1541 2640 fuisset.
1582 2587 1720 2641 Nam
1768 2586 1918 2639 brevi
1962 2599 2082 2659 post

362 2696 636 2761 tempore,
670 2686 862 2740 morbo
893 2706 956 2740 ex
988 2686 1309 2762 aegritudine
1344 2687 1510 2740 animi
1551 2698 1862 2754 contractO,
1902 2686 2083 2741 deces-

361 2785 462 2855 sit,
505 2784 695 2840 relicto
744 2806 945 2860 magno
986 2783 1113 2839 belli
1158 2798 1424 2861 apparatu
1469 2785 1726 2840 adversus
1771 2789 2081 2857 Romanos,

361 2904 471 2958 quo
505 2898 693 2960 postea
725 2888 952 2940 Perseus
992 2905 1119 2939 usus
1153 2898 1247 2939 est.
1283 2886 1424 2940 Nam
1459 2896 1511 2939 et
1543 2883 1731 2939 Gallos
1766 2885 2082 2940 Scordiscos

362 2984 429 3038 ad
449 2982 577 3038 belli
600 2986 911 3039 societatem
935 2983 1273 3060 perpulerat3
1298 2984 1617 3057 fecissetque
1635 2985 1897 3038 Romanis
1920 3005 2083 3059 grave

361 3082 592 3154 bellum,
629 3084 731 3137 nisi
772 3082 1100 3137 decessisset.
1147 3084 1398 3158 Namque
1434 3080 1607 3152 Galli,
1643 3080 1787 3137 bello
1829 3082 2084 3137 adversus

363 3181 608 3257 Delphos
639 3182 926 3237 infeliciter
955 3195 1132 3257 gesto,
1166 3182 1220 3235 in
1249 3203 1357 3256 quo
1386 3181 1647 3255 majorem
1674 3182 1781 3235 vim
1816 3183 2081 3250 numinis,

365 3302 528 3356 quam
565 3282 803 3337 hostium
835 3293 1141 3351 senserant,
1173 3282 1368 3335 amisso
1404 3285 1621 3335 Brenno
1659 3281 1819 3351 duce,
1858 3302 1981 3356 pars
2029 3284 2082 3335 in
