2315 3868
405 374 422 401 1
433 376 455 415 7
465 375 490 402 2
876 362 1148 408 PROLOGI
1185 365 1623 409 HIS'I'ORIARUM

398 462 543 536 quod
584 482 679 535 per
717 465 993 518 Romanos
1032 466 1247 521 finitum
1294 481 1404 538 est,
1451 468 1644 522 deinde
1688 470 1826 523 inter
1870 491 1954 540 se,
1998 492 2106 545 quo

397 561 568 634 major
604 573 684 615 est
718 561 975 638 expulsus
1011 586 1021 617 :
1059 567 1449 641 restitutoque,
1482 569 1713 622 Romani
1747 569 1888 623 inter
1917 570 2107 624 fratres

397 679 564 734 regna
616 660 933 717 diviserunt.
985 667 1095 733 Ut,
1143 677 1361 718 mortuo
1414 687 1540 741 rege
1591 669 1756 742 Syriae
1804 669 2108 735 Antiocho,

396 758 739 828 Demetrius,
779 763 1104 836 cognomine
1140 765 1324 833 Soter,
1362 767 1455 838 qui
1490 768 1679 819 Romae
1712 766 1887 821 fuerat
1922 768 2107 838 obseS,

398 855 535 910 clam
569 858 737 934 fugit,
773 872 1147 935 occupataque
1182 864 1364 936 Syria,
1399 862 1599 918 bellum
1636 885 1759 918 cum
1790 867 2108 935 Timarcho,

397 956 687 1012 Medorum
734 979 893 1034 rege,
944 959 1168 1031 habuit,
1214 973 1266 1015 et
1314 963 1604 1017 Ariarathe
1650 985 1774 1039 rege
1824 965 2109 1040 Cappado-

397 1077 537 1110 cum.
576 1059 654 1111 Ut
687 1058 874 1112 habita
907 1059 1048 1113 inter
1079 1061 1423 1116 Ariarathem
1461 1074 1515 1116 et
1544 1063 1925 1138 Orophernem
1956 1067 2110 1140 regni

397 1156 706 1210 certamina.
757 1158 866 1223 Ut,
909 1169 1130 1212 mortuo
1175 1180 1301 1235 rege
1345 1162 1486 1216 Asiae
1531 1165 1808 1232 Eumene,
1854 1162 2111 1217 suffectus

397 1254 610 1309 Attalus
654 1254 857 1310 bellum
895 1277 1019 1310 cum
1062 1257 1411 1334 Selgensibus
1456 1260 1682 1331 habuit,
1727 1273 1779 1316 et
1823 1282 1947 1316 cum
1989 1283 2113 1337 rege

396 1355 599 1408 Prusia,

846 1507 1196 1543 PROLOGUS
1241 1509 1418 1544 LIBRI
1465 1512 1657 1545 XXXV.

474 1663 687 1733 Quinto
719 1673 772 1715 et
804 1663 1076 1717 tricesimo
1108 1663 1388 1719 volumine
1421 1667 1776 1720 continentur
1808 1667 1922 1721 haec
1954 1688 1964 1720 :
1999 1666 2116 1721 Bel-

398 1760 510 1814 lum
542 1762 835 1835 piraticum
872 1764 1012 1816 inter
1046 1765 1234 1818 Cretas
1263 1776 1315 1818 et
1342 1765 1588 1819 Rhodios
1620 1787 1631 1819 :
1666 1766 1860 1820 seditio
1891 1765 2115 1820 Cnidio-

396 1880 519 1912 rum
572 1860 862 1914 adversum
918 1864 1286 1917 Ceramenses.
1343 1867 1413 1919 Et
1465 1863 1722 1918 adversus
1772 1867 2115 1918 Demetrium

400 1961 586 2013 Sotera
613 1959 942 2014 subornatus
971 1973 1051 2014 est
1077 1960 1413 2031 Alexander,
1440 1975 1720 2036 tamquam
1752 1965 1966 2039 genitus
1993 1966 2117 2039 Epi-

395 2058 575 2134 phane
608 2058 881 2112 Antiocho
916 2080 927 2111 z
965 2080 1073 2133 quo
1108 2058 1251 2113 bello
1288 2062 1463 2114 victus
1498 2063 1843 2132 Demetrius,
1881 2063 2116 2116 invisum

397 2157 628 2210 stultitia
671 2155 1041 2212 Alexandrum
1089 2157 1232 2213 bello
1276 2161 1437 2229 vicit,
1485 2161 1778 2236 adjuvante
1821 2160 2114 2215 Ptolemaeo

395 2256 794 2323 Philometore,
832 2258 925 2331 qui
960 2278 1023 2311 eo
1059 2257 1201 2312 bello
1243 2259 1462 2312 interiit.
1505 2262 1581 2314 Ut
1618 2259 1812 2313 deinde
1849 2272 1968 2313 orta
2009 2263 2118 2314 De-

396 2358 590 2410 metrio
638 2355 778 2410 bella
824 2358 929 2410 sint
974 2378 1099 2411 cum
1144 2358 1385 2413 Diodoto
1431 2360 1725 2434 Tryphone
1774 2381 1784 2412 :
1835 2358 2115 2434 expulsus-

395 2477 500 2530 que
541 2477 571 2509 a
614 2458 910 2531 Tryphone
947 2479 1116 2532 regno
1159 2460 1324 2533 Syriae
1360 2460 1690 2514 Demetrius.
1734 2461 1953 2533 Repetit
1992 2458 2117 2513 inde

397 2556 690 2630 superioris
731 2557 870 2610 Asiae
915 2569 1124 2626 motuS,
1166 2557 1335 2612 factos
1374 2579 1469 2633 per
1508 2561 1727 2611 Aretam
1771 2570 1823 2612 et
1866 2560 2117 2613 Arsacem

396 2656 679 2709 Parthum.

843 2815 1191 2850 PROLOGUS
1237 2817 1414 2852 LIBRI
1461 2818 1678 2851 XXXVI.

482 2956 643 3007 Sexto
691 2965 745 3006 et
791 2954 1063 3007 tricesimo
1111 2953 1388 3008 volumine
1436 2957 1785 3009 continentur
1826 2954 1939 3008 haec
1984 2977 1994 3008 ε
2044 2957 2121 3009 Ut

401 3052 650 3127 Trypho,
684 3051 839 3126 pulso
871 3054 1024 3127 Syria
1050 3055 1359 3123 Demetrio,
1392 3067 1656 3129 captoque
1685 3073 1715 3105 a
1745 3053 1981 3122 Parthis,
2010 3053 2120 3107 bel-

405 3150 515 3203 lum
545 3152 707 3225 gessit
734 3171 858 3204 cum
889 3151 1055 3205 fratre
1082 3155 1196 3227 ejus
1225 3153 1502 3207 Antiocho
1532 3153 1855 3226 cognomine
1887 3152 2078 3206 Sedete
2104 3173 2115 3204 :

406 3260 463 3300 ut
490 3250 816 3318 Antiochus,
845 3250 1129 3305 interfecto
1157 3256 1431 3327 HyrcanO,
1457 3254 1484 3305 J
1492 3250 1670 3304 udaeos
1697 3251 1924 3326 subegit.
1947 3254 2118 3325 Repe-

410 3347 505 3399 tita
532 3346 654 3400 inde
679 3349 732 3400 in
758 3369 976 3402 excessu
1001 3351 1155 3424 origo
1177 3350 1505 3403 Judaeorum.
1533 3353 1606 3404 Ut
1629 3371 1719 3403 rex
1744 3351 1878 3405 Asiae
1903 3348 2117 3405 Attalus
