2315 3868
412 370 498 415 156
893 370 1164 416 PROLOGI
1195 365 1630 412 HISTORIARUM

903 550 1246 586 PROLOGUS
1289 548 1461 582 LIBRI
1506 546 1635 580 XIX.

489 681 911 738 Undevicesimo
931 678 1209 733 volumine
1233 678 1582 731 continentur
1608 696 1689 728 res
1716 671 2129 748 Carthaginien-

411 784 550 839 sium
583 783 638 836 in
671 780 850 837 Africa
881 800 977 855 per
1003 776 1275 832 rubellum
1300 796 1570 829 annorum
1605 785 1766 850 gestae
1796 794 1806 826 :
1840 784 1891 826 et
1919 771 1974 824 in
2004 770 2133 824 Sici-

411 881 504 954 lia,
530 902 701 958 quum
728 879 1097 945 Selinuntem,
1121 888 1176 929 et
1198 875 1586 950 Agrigentum,
1611 886 1663 927 et
1684 872 2055 938 Camarinam,
2081 880 2134 922 et

413 980 608 1036 Gelam
638 989 900 1054 ceperunt
932 998 942 1030 :
972 996 1082 1050 quo
1112 972 1254 1028 bello
1283 973 1579 1048 Dionysius
1609 973 1975 1045 Syracusanus
2005 968 2135 1023 Sici-

413 1080 497 1134 liae
535 1099 764 1155 regnum
801 1075 1106 1151 occupavit.
1142 1072 1382 1139 Bellum,
1425 1069 1572 1146 quod
1609 1091 1732 1124 cum
1766 1090 1829 1123 eo
1858 1069 2010 1122 Poeni
2041 1087 2136 1142 per

414 1177 780 1234 Himilconem
804 1187 1109 1252 gesserunt,
1138 1193 1244 1247 qua
1271 1170 1553 1226 obsidione
1578 1172 1967 1245 Syracusarum
1991 1186 2139 1220 exer-

418 1279 587 1332 citum
616 1290 671 1330 et
704 1274 929 1330 classem
960 1274 1154 1328 amisit.

919 1449 1264 1485 PROLOGUS
1309 1448 1483 1483 Llssni
1530 1447 1625 1481 xx.

499 1591 773 1647 Vicesimo
825 1585 1102 1641 volumine
1149 1585 1501 1639 continentur
1551 1604 1636 1637 res
1689 1594 1849 1659 gestae
1892 1582 2143 1657 Dionysii

422 1689 589 1747 Siculi
618 1689 803 1766 patris.
839 1690 938 1755 Ut,
972 1685 1143 1762 pulsis
1174 1685 1378 1755 Poenis,
1415 1682 1602 1738 Italica
1633 1682 1773 1737 bella
1805 1683 1872 1737 sit
1906 1680 2142 1736 molitus,

423 1790 557 1846 Inde
603 1789 844 1864 repetitae
892 1787 1127 1860 origines
1174 1787 1545 1851 Venetorum,
1592 1794 1645 1836 et
1691 1784 2047 1849 Graecorum,
2095 1793 2148 1835 et

426 1888 743 1955 Gallorum,
785 1887 878 1961 qui
917 1883 1130 1939 Italiam
1172 1882 1435 1937 incolunt.
1481 1882 1853 1957 Deductisque
1898 1881 2166 1956 Dionysii

425 1988 585 2042 rebus
619 1985 687 2040 ad
723 1986 1005 2038 interitum
1043 1984 1186 2057 ejus,
1222 1982 1378 2036 dictae
1415 2003 1548 2055 quas
1587 1985 1782 2034 Hanno
1823 2001 2052 2055 magnus
2093 1981 2146 2032 in

426 2086 607 2141 Africa
634 2085 814 2160 gessit.

926 2200 1263 2237 PROLOGUS
1308 2200 1480 2235 LIBRI
1527 2199 1652 2233 xxx.

514 2338 640 2391 Uno
678 2346 732 2387 et
769 2333 1026 2385 vicesimo
1065 2329 1343 2384 volumine
1383 2330 1736 2382 continentur
1776 2329 1888 2383 haec
1929 2350 1940 2381 ε
1980 2332 2057 2383 Ut
2098 2330 2151 2382 in

434 2433 615 2490 Sicilia
661 2432 956 2506 Dionysius
1000 2430 1173 2494 filius,
1217 2441 1374 2504 patre
1416 2428 1643 2495 amisso,
1690 2428 1944 2481 tractavit
1988 2429 2156 2501 impe-

435 2537 595 2590 rium.
629 2537 733 2601 Ut,
765 2552 863 2608 per
893 2532 1129 2586 Dionem
1160 2530 1387 2603 ejectUS,
1420 2526 1620 2582 bellum
1654 2547 1778 2581 cum
1812 2526 2007 2582 Siculis
2037 2548 2155 2603 ges-

439 2636 534 2703 sit3
574 2634 776 2701 donec,
814 2632 1020 2684 amissis
1057 2629 1239 2683 liberis
1283 2641 1335 2682 et
1379 2627 1666 2697 fratribu5,
1707 2627 2036 2682 Corinthum
2079 2647 2158 2679 se-

441 2735 600 2789 cessit
650 2754 661 2786 :
716 2744 807 2801 ut,
857 2751 886 2784 a
930 2727 1272 2784 Timoleonte
1319 2727 1854 2801 Carthaginiensium
1904 2724 2045 2778 bello
2092 2727 2158 2778 sit

444 2834 668 2888 liberata
700 2830 878 2886 Sicilia
913 2852 922 2883 :
956 2841 1284 2902 mortuoque
1314 2828 1603 2881 Sosistrato
1631 2827 1829 2880 iterum
1859 2825 2000 2878 facta
2027 2824 2161 2878 secl}-

447 2934 621 3001 tione,
666 2931 905 2985 arcessiti
952 2928 1020 2982 ad
1067 2926 1268 2980 bellum
1315 2926 1790 3001 Carthaginienses
1832 2923 2156 2977 obsederunt

451 3033 737 3107 Syracusas
767 3051 776 3083 :
807 3051 916 3103 quo
941 3026 1083 3082 bello
1107 3024 1432 3102 Agathocles
1458 3037 1645 3078 nactus
1672 3023 1958 3096 imperium
1988 3035 2082 3077 est.

926 3203 1269 3240 PROLOGUS
1314 3202 1484 3236 LIBRI
1528 3201 1677 3233 xxii.

536 3338 784 3389 Secundo
816 3347 869 3388 et
900 3334 1153 3387 vicesimo
1184 3331 1462 3385 volumine
1489 3333 1840 3385 continentur
1873 3336 1985 3386 liaec
2017 3354 2027 3386 :
2064 3337 2166 3388 Res
