2248 3697
622 244 1058 287 HISTORIARUM
1094 245 1205 286 LIB.
1245 247 1325 288 XX
1339 247 1412 289 IV.
1837 259 1863 298 ἔ)

150 347 563 423 jusjurandum,
612 348 1031 420 promitterent,
1079 346 1406 400 reclamante
1451 348 1774 422 Lysimacho
1822 347 1873 399 fi-

156 445 253 515 lio,
302 444 588 498 «fraudem
634 445 924 513 subesse,»
968 446 1021 497 in
1067 446 1477 499 matrimonium
1521 447 1701 500 fratris
1748 468 1876 500 con-

154 545 310 599 cedit.

232 644 326 696 III.
367 643 590 718 Nuptiae
627 664 828 719 magno
862 655 1158 718 apparatu,
1194 641 1490 716 laetitiaque
1520 647 1766 700 omnium
1799 669 1879 701 ce-

152 742 447 796 lebrantur.
496 742 580 798 Ad
629 744 948 797 concionem
992 763 1214 817 quoque
1253 754 1445 796 vocato
1483 745 1753 813 exercitu,
1799 767 1880 800 ca-

152 841 250 916 piti
283 842 484 896 sororis
518 842 766 896 diadema
788 844 1045 918 imponit,
1075 843 1431 917 reginamque
1466 862 1583 895 eam
1623 843 1875 918 appellat.

151 941 279 1011 Quo
325 943 547 996 nomine
594 943 647 995 in
696 940 939 996 laetitiam
987 942 1159 996 effusa
1212 942 1470 1010 Arsinoe,
1520 943 1675 1015 quia,
1730 945 1876 1017 quod

154 1053 330 1096 morte
379 1042 686 1117 Lysimachi
736 1041 936 1116 prioris
982 1040 1166 1094 mariti
1219 1041 1505 1110 amiserat,
1554 1043 1878 1118 recepisset,

153 1140 300 1195 ultro
318 1142 499 1195 virum
528 1142 582 1193 in
616 1140 807 1193 urbem
839 1160 992 1193 suam
1020 1139 1417 1193 Cassandream
1451 1141 1648 1195 invitat
1680 1163 1690 1194 z
1726 1144 1882 1217 cujus

153 1240 302 1294 urbis
344 1239 643 1315 cupiditate
688 1238 837 1293 fraus
884 1240 1216 1294 struebatur.
1256 1243 1562 1316 Praegressa
1600 1242 1769 1315 igitur
1810 1244 1881 1295 vi-

152 1361 297 1410 rum,
327 1338 469 1393 diem
496 1338 695 1392 festum
720 1339 845 1393 urbi
873 1341 927 1393 in
952 1338 1250 1393 adventum
1283 1340 1399 1415 ejus
1418 1340 1638 1394 indicit:
1666 1341 1880 1410 domos,

153 1439 377 1516 templa,
421 1450 709 1513 ceteraque
760 1440 944 1493 omnia
984 1441 1239 1494 exornari
1276 1441 1433 1515 jubet
1470 1463 1480 1493 :
1519 1461 1639 1494 aras
1680 1441 1883 1515 ubique

152 1539 465 1614 hostiasque
491 1538 704 1614 disponi
734 1560 744 1591 ε
772 1537 910 1592 filios
937 1560 1156 1613 quoque
1184 1560 1337 1609 suos,
1358 1540 1745 1613 Lysimachum
1765 1562 1880 1595 sex-

153 1639 327 1693 decim
343 1658 515 1692 annos
533 1649 742 1706 natum,
759 1636 1079 1712 Philippum
1102 1640 1342 1692 triennio
1364 1640 1654 1707 minorem,
1672 1653 1886 1695 utrum-

153 1759 258 1813 que
298 1737 473 1792 forma
519 1738 815 1813 insignem,
855 1749 1149 1791 coronatos
1188 1758 1477 1792 occurrere
1509 1739 1683 1813 jubet.
1727 1742 1884 1811 Quos

151 1836 499 1907 Ptolemaeus,
539 1837 607 1891 ad
648 1836 933 1891 celandam
964 1835 1242 1906 fraudem,
1281 1838 1479 1912 cupide
1510 1851 1563 1891 et
1597 1838 1739 1893 ultra
1771 1862 1886 1895 mo-

153 1937 285 1992 dum
320 1959 460 1992 verae
494 1937 796 1992 affectionis
825 1936 1133 2013 ampleXUS,
1170 1935 1369 1991 osculis
1402 1937 1495 1991 diu
1527 1938 1735 2014 fatigat.
1775 1941 1884 1995 Ubi

152 2038 220 2093 ad
262 2050 479 2114 portam
527 2050 754 2092 ventum
797 2050 902 2106 est,
948 2039 1208 2113 occupari
1251 2058 1432 2092 arcem
1457 2038 1644 2112 jubet,
1685 2061 1884 2115 pueros

154 2136 402 2192 interfici.
439 2139 552 2209 Qui
582 2123 753 2212 quum
787 2136 856 2190 ad
885 2149 1116 2190 matrem
1156 2136 1557 2213 confugissent,
1597 2139 1651 2191 in
1679 2141 1885 2214 gremio

154 2238 269 2311 ejus
295 2238 436 2291 inter
466 2238 581 2311 ipsa
613 2235 800 2291 oscula
824 2237 1198 2307 trucidantur,
1221 2236 1595 2312 proclamante
1625 2241 1883 2307 Arsinoe,

154 2334 304 2411 quod
336 2349 549 2390 tantum
582 2335 731 2390 nefas
770 2349 866 2390 aut
903 2336 1189 2406 nubendO,
1227 2349 1322 2390 aut
1355 2349 1480 2412 post
1510 2339 1727 2411 nuptias
1762 2360 1887 2393 con-

157 2437 422 2493 traxisset.
460 2439 570 2489 Pro
615 2433 736 2489 filiis
777 2457 916 2510 saepe
959 2456 1015 2489 se
1063 2438 1479 2512 percussoribus
1516 2437 1717 2492 obtulit
1751 2460 1760 2492 :
1791 2440 1886 2493 fre-

154 2548 386 2613 quenter
431 2556 661 2611 corpore
692 2556 790 2589 suo
818 2556 1118 2610 puerorum
1150 2557 1384 2612 corpora
1417 2537 1724 2613 amplexata
1758 2560 1884 2614 pro-

154 2639 318 2705 texit3
353 2635 691 2709 vulneraque
725 2635 1005 2710 excipere,
1035 2656 1153 2710 quae
1200 2635 1385 2690 liberis
1431 2638 1885 2709 intendebantur,

154 2737 344 2792 voluit.
374 2735 461 2793 Ad
483 2747 823 2810 postremum
846 2736 1006 2788 etiam
1038 2734 1269 2810 spoliata
1301 2737 1586 2792 funeribus
1620 2737 1884 2809 filiorum,

156 2839 317 2893 scissa
350 2847 531 2903 veste,
560 2846 613 2888 et
659 2833 901 2888 crinibus
947 2836 1175 2910 sparsis,
1223 2857 1347 2889 cum
1392 2836 1609 2891 duobus
1660 2838 1887 2892 servulis

156 2958 218 2990 ex
249 2938 385 2991 urbe
417 2946 731 3011 protracta,
768 2935 1201 2989 Samothraciam
1238 2936 1293 2989 in
1332 2934 1582 2990 exsilium
1617 2938 1782 3004 abiit3
1825 2958 1887 2992 eo

157 3038 428 3104 miserior,
462 3033 613 3109 quod
651 3035 792 3087 mori
837 3055 961 3087 cum
998 3033 1123 3088 filiis
1165 3036 1213 3088 ei
1248 3058 1358 3090 non
1403 3035 1575 3091 licuit.
1631 3037 1736 3090 Sed
1784 3057 1883 3092 nec

156 3135 449 3191 Ptolemaeo
484 3134 662 3189 inulta
697 3134 898 3190 scelera
931 3136 1157 3190 fuerunt
1183 3158 1194 3190 z
1225 3138 1428 3212 qnippe
1478 3137 1578 3191 diis
1615 3138 1887 3191 immorta-

158 3235 299 3290 libus
331 3246 412 3288 tot
448 3236 715 3308 perjuria,
751 3247 803 3289 et
835 3247 943 3289 tam
982 3248 1209 3290 cruenta
1244 3236 1536 3311 parricidia
1569 3237 1890 3290 vindicanti-
