2315 3868
560 566 1435 651 ADNOTATIONES

792 805 870 858 IN
914 807 939 857 J
948 805 1196 858 USTINI

315 1015 901 1087 HISTORIAS
959 1014 1679 1085 PHILIPPICAS.

679 1512 749 1555 IN
786 1510 1066 1554 LIBRUM
1103 1511 1305 1553 XXIII.

201 1654 374 1695 Rerum
409 1651 456 1693 in
492 1651 582 1693 hoc
620 1649 743 1692 libro
774 1648 1088 1706 expositarum
1123 1648 1226 1691 fons
1267 1650 1467 1692 Tima’us
1499 1650 1697 1706 Siculus,
1731 1661 1779 1694 ut
1813 1652 1861 1694 in

134 1727 386 1787 superiore.

200 1805 306 1849 CAP.
348 1805 384 1846 I.
431 1801 645 1844 Civitates
676 1801 827 1859 groecc‘
859 1800 1073 1842 nominis.
1117 1800 1342 1858 Intelligit
1375 1801 1621 1856 Terinam,
1668 1802 1858 1860 Hippo-

134 1880 290 1938 nium,
321 1877 524 1922 Thurios
550 1887 593 1920 et
624 1877 749 1920 alias.
783 1876 903 1920 Vide
935 1877 1171 1927 Dmnoa,
1206 1892 1313 1930 xv1,
1352 1876 1422 1920 15.

204 1955 376 2011 Quibus
400 1964 447 1997 et
472 1954 705 2012 Spartani.
738 1953 856 1996 Vide
888 1952 1070 2010 Supra,
1107 1967 1202 2006 111,
1235 1967 1260 1994 2
1297 1962 1339 1995 et
1378 1953 1418 1996 3.

201 2032 414 2092 Regibus,
455 2033 490 2074 Ι.
527 2046 564 2074 e.
602 2030 886 2073 Archidamo
928 2028 1414 2083 Lacedaemoniorum,
1446 2030 1712 2073 Alexandro
1746 2032 1861 2089 Epi-

132 2118 339 2153 rotarum
365 2117 409 2151 et
433 2107 690 2166 Cleonymo
716 2108 964 2164 SpartanO.

198 2186 280 2229 Ad
314 2194 606 2243 postremam
638 2183 936 2241 imploratus,
978 2192 1062 2226 etc.
1094 2184 1146 2226 In
1183 2183 1325 2225 altera
1356 2180 1530 2224 scilicet
1563 2182 1862 2240 expeditione

134 2262 291 2305 italica
327 2278 336 2303 :
375 2277 482 2303 nam
511 2260 584 2303 bis
621 2275 677 2303 eo
711 2259 944 2316 trajecisse
978 2259 1284 2318 Agathoclem
1308 2257 1589 2316 persuadent
1621 2259 1862 2318 Excerpta

132 2323 339 2382 Diodori
368 2353 423 2380 ex
456 2337 578 2379 libro
615 2352 697 2379 XXI
716 2370 727 2391 ,
754 2336 810 2380 fr.
841 2335 891 2390 3,
923 2336 1027 2378 coll.
1058 2335 1111 2380 fr.
1152 2336 1193 2377 ὃ.
1226 2334 1404 2377 Eodem
1429 2335 1602 2377 ducunt
1640 2351 1738 2393 quae
1767 2352 1860 2395 seq.

132 2413 294 2472 capitis
327 2411 564 2471 principio
596 2420 858 2454 narrantur.

198 2489 304 2532 CAP.
339 2490 397 2532 Π.
428 2489 504 2530 Vis
536 2488 698 2530 morbi.
735 2490 922 2530 Maenon
951 2488 1076 2531 enim
1103 2502 1332 2530 venenum
1363 2488 1403 2530 ei
1428 2487 1687 2530 bibendum
1715 2488 1861 2530 tradi-

133 2566 286 2620 derat,
312 2574 360 2608 ut
377 2563 540 2622 nepoti
567 2563 859 2622 Agathoclis,
880 2563 954 2606 cui
977 2563 1189 2617 favebat,
1220 2562 1342 2605 viam
1361 2563 1420 2606 ad
1443 2579 1636 2622 regnum
1661 2574 1860 2621 pararet.

199 2642 387 2684 Filium.
428 2641 759 2699 Agathoclem3
803 2649 1013 2698 nepotem
1046 2655 1059 2680 .·
1096 2639 1466 2697 Archagathum,
1503 2640 1783 2697 Archagathi
1814 2640 1863 2683 in

130 2718 283 2761 Africa
317 2717 456 2760 occisi
487 2714 650 2761 filium.

197 2795 301 2837 CAP.
335 2796 418 2837 III.
455 2795 629 2836 Heleno
649 2792 764 2849 filio
798 2793 971 2835 Sicz‘lioe
977 2827 1051 2836 .....
1087 2793 1365 2834 Αἰεωαηεῖπο
1399 2803 1554 2836 autem
1593 2793 1754 2836 Italia?
1783 2808 1860 2835 re—

130 2886 271 2927 gnum
299 2872 512 2913 destinat.
550 2869 848 2927 Epitomator
878 2868 1024 2927 Trogi
1056 2868 1173 2911 duos
1204 2867 1325 2911 filios
1353 2869 1516 2927 Pyrrhi
1547 2869 1621 2910 hic
1656 2868 1776 2911 inter
1815 2885 1861 2912 se

132 2955 417 3003 permutasse
445 2946 630 2989 videtur
657 2961 795 2987 :nam
820 2945 1068 2988 Plutarcho
1094 2945 1142 2987 in
1163 2946 1268 2987 Vita
1296 2945 1493 3002 Pyrrhi,
1521 2960 1557 2987 c.
1585 2961 1636 3004 9,
1667 2954 1711 2988 et
1739 2945 1859 2988 Dio-

132 3022 276 3075 doro,
317 3022 511 3065 testibus
547 3021 816 3064 Alexander
856 3036 911 3064 ex
945 3022 1170 3075 Lanassa,
1205 3021 1474 3079 Agathoclis
1510 3020 1627 3076 filia,
1656 3022 1860 3065 Helenus

131 3113 244 3140 vero
270 3113 294 3140 e
326 3096 580 3154 Bircenna,
610 3097 876 3156 Illyriorum
900 3096 1022 3155 regis
1054 3095 1171 3153 filia,
1201 3106 1457 3155 prognatus
1488 3107 1596 3140 erat.

199 3175 257 3215 In
290 3174 377 3216 hoc
397 3184 511 3216 oestu
526 3175 861 3232 periculorum,
887 3183 971 3217 etc.
996 3174 1192 3217 Veriora
1225 3174 1298 3216 hic
1326 3174 1509 3217 tradere
1542 3175 1725 3217 videtur
1747 3175 1858 3218 Plu-

131 3250 341 3305 tarchus,
372 3265 409 3292 c.
447 3256 502 3301 24
536 3266 546 3291 ;
582 3251 660 3307 qui
691 3252 870 3293 volenti
893 3251 1071 3309 Pyrrho
1108 3250 1321 3293 nuntium
1353 3250 1480 3293 illum
1522 3266 1578 3293 ex
1610 3251 1739 3294 ltalia
1776 3267 1853 3293 ve—

130 3325 252 3368 nisse
279 3333 442 3368 auctor
477 3334 567 3379 est,
599 3335 646 3368 ut
679 3327 805 3383 cujus
836 3342 908 3370 res
930 3327 1024 3383 jam
1050 3325 1143 3369 labi
1170 3327 1429 3384 coepissent.
