<?xml version="1.0" encoding="UTF-8"?>
<!DOCTYPE html PUBLIC "-//W3C//DTD XHTML 1.0 Transitional//EN"
    "http://www.w3.org/TR/xhtml1/DTD/xhtml1-transitional.dtd">
<html xmlns="http://www.w3.org/1999/xhtml" xml:lang="en" lang="en">
 <head>
  <title>
</title>
<meta http-equiv="Content-Type" content="text/html;charset=utf-8" />
  <meta name='ocr-system' content='tesseract 3.04.00' />
  <meta name='ocr-capabilities' content='ocr_page ocr_carea ocr_par ocr_line ocrx_word'/>
</head>
<body>
  <div class='ocr_page' id='page_1' title='image "./historiarumphili00justuoft_0163.png"; bbox 0 0 2315 3868; ppageno 0'>
   <div class='ocr_carea' id='block_1_1' title="bbox 796 296 1852 348">
    <p class='ocr_par' dir='ltr' id='par_1_1' title="bbox 796 296 1852 348">
     <span class='ocr_line' id='line_1_1' title="bbox 796 296 1852 348; baseline 0.009 -11"><span class='ocrx_word' id='word_1_1' title='bbox 796 296 1032 338; x_wconf 81' lang='lat' dir='ltr'>LIBRUM</span> <span class='ocrx_word' id='word_1_2' title='bbox 1067 297 1184 339; x_wconf 74' lang='lat' dir='ltr'>XLI.</span> <span class='ocrx_word' id='word_1_3' title='bbox 1770 310 1780 334; x_wconf 85' lang='lat'>¹</span> <span class='ocrx_word' id='word_1_4' title='bbox 1798 305 1818 346; x_wconf 66' lang='lat' dir='ltr'>l·</span> <span class='ocrx_word' id='word_1_5' title='bbox 1831 309 1852 348; x_wconf 85' lang='grc'><strong>7</strong></span> 
     </span>
    </p>
   </div>
   <div class='ocr_carea' id='block_1_2' title="bbox 120 394 1861 3201">
    <p class='ocr_par' dir='ltr' id='par_1_2' title="bbox 129 394 1861 1068">
     <span class='ocr_line' id='line_1_2' title="bbox 130 394 1856 455; baseline -0.001 -15"><span class='ocrx_word' id='word_1_6' title='bbox 130 413 210 440; x_wconf 87' lang='lat' dir='ltr'>rex</span> <span class='ocrx_word' id='word_1_7' title='bbox 252 397 519 455; x_wconf 78' lang='lat' dir='ltr'>Scytharum</span> <span class='ocrx_word' id='word_1_8' title='bbox 560 404 684 449; x_wconf 84' lang='lat' dir='ltr'>erat,</span> <span class='ocrx_word' id='word_1_9' title='bbox 723 404 836 437; x_wconf 78' lang='lat' dir='ltr'>teste</span> <span class='ocrx_word' id='word_1_10' title='bbox 868 394 1096 451; x_wconf 80' lang='lat' dir='ltr'>Rhodig.,</span> <span class='ocrx_word' id='word_1_11' title='bbox 1132 409 1286 448; x_wconf 70' lang='lat' dir='ltr'>xxxii,</span> <span class='ocrx_word' id='word_1_12' title='bbox 1330 411 1385 438; x_wconf 86' lang='lat'>10</span> <span class='ocrx_word' id='word_1_13' title='bbox 1420 394 1521 455; x_wconf 84' lang='lat' dir='ltr'>(seu</span> <span class='ocrx_word' id='word_1_14' title='bbox 1555 397 1707 455; x_wconf 84' lang='lat' dir='ltr'>potius</span> <span class='ocrx_word' id='word_1_15' title='bbox 1744 397 1856 441; x_wconf 84' lang='lat' dir='ltr'>deus</span> 
     </span>
     <span class='ocr_line' id='line_1_3' title="bbox 133 468 1857 535; baseline 0.001 -19"><span class='ocrx_word' id='word_1_16' title='bbox 133 475 254 516; x_wconf 87' lang='lat' dir='ltr'>Mars</span> <span class='ocrx_word' id='word_1_17' title='bbox 284 470 586 532; x_wconf 80' lang='lat' dir='ltr'>Arianorum)</span> <span class='ocrx_word' id='word_1_18' title='bbox 611 471 690 528; x_wconf 89' lang='lat' dir='ltr'>qui</span> <span class='ocrx_word' id='word_1_19' title='bbox 714 469 905 527; x_wconf 83' lang='lat' dir='ltr'>singulis</span> <span class='ocrx_word' id='word_1_20' title='bbox 937 468 1156 525; x_wconf 85' lang='lat' dir='ltr'>subjectis</span> <span class='ocrx_word' id='word_1_21' title='bbox 1183 469 1271 512; x_wconf 88' lang='lat' dir='ltr'>sibi</span> <span class='ocrx_word' id='word_1_22' title='bbox 1298 468 1397 530; x_wconf 88' lang='lat' dir='ltr'>(vel</span> <span class='ocrx_word' id='word_1_23' title='bbox 1422 472 1704 535; x_wconf 86' lang='lat' dir='ltr'>cultoribus)</span> <span class='ocrx_word' id='word_1_24' title='bbox 1737 488 1857 532; x_wconf 87' lang='lat' dir='ltr'>quo—-</span> 
     </span>
     <span class='ocr_line' id='line_1_4' title="bbox 130 545 1857 609; baseline 0.001 -16"><span class='ocrx_word' id='word_1_25' title='bbox 130 550 282 593; x_wconf 85' lang='lat' dir='ltr'>tannis</span> <span class='ocrx_word' id='word_1_26' title='bbox 305 548 463 592; x_wconf 83' lang='lat' dir='ltr'>offerri</span> <span class='ocrx_word' id='word_1_27' title='bbox 487 548 698 606; x_wconf 83' lang='lat' dir='ltr'>sagittam</span> <span class='ocrx_word' id='word_1_28' title='bbox 724 545 926 589; x_wconf 89' lang='lat' dir='ltr'>volebat.</span> <span class='ocrx_word' id='word_1_29' title='bbox 956 545 1175 589; x_wconf 88' lang='lat' dir='ltr'>Eruditus</span> <span class='ocrx_word' id='word_1_30' title='bbox 1197 547 1407 591; x_wconf 81' lang='lat' dir='ltr'>Lemaire</span> <span class='ocrx_word' id='word_1_31' title='bbox 1431 559 1586 592; x_wconf 86' lang='lat' dir='ltr'>censet</span> <span class='ocrx_word' id='word_1_32' title='bbox 1608 551 1857 609; x_wconf 85' lang='lat' dir='ltr'>legendum</span> 
     </span>
     <span class='ocr_line' id='line_1_5' title="bbox 130 622 1861 682; baseline 0.001 -13"><span class='ocrx_word' id='word_1_33' title='bbox 130 642 233 669; x_wconf 91' lang='lat' dir='ltr'>cum</span> <span class='ocrx_word' id='word_1_34' title='bbox 264 641 369 668; x_wconf 89' lang='lat' dir='ltr'>mss.</span> <span class='ocrx_word' id='word_1_35' title='bbox 397 625 519 668; x_wconf 91' lang='lat' dir='ltr'>Flor.</span> <span class='ocrx_word' id='word_1_36' title='bbox 551 624 787 682; x_wconf 76' lang='lat' dir='ltr'>Sparnos,</span> <span class='ocrx_word' id='word_1_37' title='bbox 809 631 997 666; x_wconf 87' lang='lat' dir='ltr'>auctore</span> <span class='ocrx_word' id='word_1_38' title='bbox 1023 622 1284 678; x_wconf 80' lang='lat' dir='ltr'>Strabone,</span> <span class='ocrx_word' id='word_1_39' title='bbox 1309 623 1389 666; x_wconf 88' lang='lat' dir='ltr'>lib.</span> <span class='ocrx_word' id='word_1_40' title='bbox 1420 639 1498 667; x_wconf 78' lang='lat' dir='ltr'>xl:</span> <span class='ocrx_word' id='word_1_41' title='bbox 1526 626 1764 671; x_wconf 76' lang='lat' dir='ltr'>Nomades</span> <span class='ocrx_word' id='word_1_42' title='bbox 1792 629 1861 671; x_wconf 85' lang='lat' dir='ltr'>ad</span> 
     </span>
     <span class='ocr_line' id='line_1_6' title="bbox 129 698 1855 762; baseline 0.002 -17"><span class='ocrx_word' id='word_1_43' title='bbox 129 703 361 745; x_wconf 72' lang='lat' dir='ltr'><em>sinistram</em></span> <span class='ocrx_word' id='word_1_44' title='bbox 392 701 535 742; x_wconf 73' lang='lat' dir='ltr'>maris</span> <span class='ocrx_word' id='word_1_45' title='bbox 568 698 762 758; x_wconf 62' lang='lat' dir='ltr'>Caspii,</span> <span class='ocrx_word' id='word_1_46' title='bbox 797 715 916 742; x_wconf 80' lang='lat' dir='ltr'>nunc</span> <span class='ocrx_word' id='word_1_47' title='bbox 944 699 1105 742; x_wconf 76' lang='lat' dir='ltr'>Dahoe</span> <span class='ocrx_word' id='word_1_48' title='bbox 1141 700 1256 742; x_wconf 81' lang='lat' dir='ltr'>dicti</span> <span class='ocrx_word' id='word_1_49' title='bbox 1269 733 1284 753; x_wconf 88' lang='lat'>,</span> <span class='ocrx_word' id='word_1_50' title='bbox 1323 700 1499 759; x_wconf 81' lang='lat' dir='ltr'>Sparni</span> <span class='ocrx_word' id='word_1_51' title='bbox 1529 705 1855 762; x_wconf 80' lang='lat' dir='ltr'>cognominati.</span> 
     </span>
     <span class='ocr_line' id='line_1_7' title="bbox 129 776 1857 839; baseline 0.002 -18"><span class='ocrx_word' id='word_1_52' title='bbox 129 779 304 821; x_wconf 89' lang='lat' dir='ltr'>Eorum</span> <span class='ocrx_word' id='word_1_53' title='bbox 333 791 504 819; x_wconf 88' lang='lat' dir='ltr'>nomen</span> <span class='ocrx_word' id='word_1_54' title='bbox 538 784 605 818; x_wconf 82' lang='lat' dir='ltr'>est</span> <span class='ocrx_word' id='word_1_55' title='bbox 632 791 726 818; x_wconf 81' lang='lat' dir='ltr'>vox</span> <span class='ocrx_word' id='word_1_56' title='bbox 756 790 899 834; x_wconf 78' lang='lat' dir='ltr'>graeca</span> <span class='ocrx_word' id='word_1_57' title='bbox 930 783 1125 839; x_wconf 67' lang='grc' dir='ltr'>σπαρνός,</span> <span class='ocrx_word' id='word_1_58' title='bbox 1157 776 1451 835; x_wconf 86' lang='lat' dir='ltr'>infrequens,</span> <span class='ocrx_word' id='word_1_59' title='bbox 1485 792 1634 833; x_wconf 88' lang='lat' dir='ltr'>rarus,</span> <span class='ocrx_word' id='word_1_60' title='bbox 1666 795 1834 837; x_wconf 85' lang='lat' dir='ltr'>paucus</span> <span class='ocrx_word' id='word_1_61' title='bbox 1845 798 1857 837; x_wconf 89' lang='lat'>;</span> 
     </span>
     <span class='ocr_line' id='line_1_8' title="bbox 129 853 1858 915; baseline 0.002 -18"><span class='ocrx_word' id='word_1_62' title='bbox 129 854 211 897; x_wconf 81' lang='lat' dir='ltr'>sed</span> <span class='ocrx_word' id='word_1_63' title='bbox 242 853 410 897; x_wconf 87' lang='lat' dir='ltr'>Strabo</span> <span class='ocrx_word' id='word_1_64' title='bbox 455 861 615 896; x_wconf 88' lang='lat' dir='ltr'>contra</span> <span class='ocrx_word' id='word_1_65' title='bbox 664 853 965 896; x_wconf 78' lang='lat' dir='ltr'>Ptolemaeum</span> <span class='ocrx_word' id='word_1_66' title='bbox 1001 861 1046 897; x_wconf 88' lang='lat' dir='ltr'>et</span> <span class='ocrx_word' id='word_1_67' title='bbox 1080 853 1281 896; x_wconf 88' lang='lat' dir='ltr'>Plinium</span> <span class='ocrx_word' id='word_1_68' title='bbox 1317 869 1436 896; x_wconf 89' lang='lat' dir='ltr'>unus</span> <span class='ocrx_word' id='word_1_69' title='bbox 1473 862 1566 910; x_wconf 90' lang='lat' dir='ltr'>est,</span> <span class='ocrx_word' id='word_1_70' title='bbox 1605 870 1858 915; x_wconf 87' lang='lat' dir='ltr'>omnesque</span> 
     </span>
     <span class='ocr_line' id='line_1_9' title="bbox 129 928 1857 989; baseline 0.003 -18"><span class='ocrx_word' id='word_1_71' title='bbox 129 938 337 973; x_wconf 74' lang='lat' dir='ltr'>auctores</span> <span class='ocrx_word' id='word_1_72' title='bbox 381 929 587 988; x_wconf 79' lang='lat' dir='ltr'>Sparnos</span> <span class='ocrx_word' id='word_1_73' title='bbox 628 928 852 974; x_wconf 85' lang='lat' dir='ltr'>nesciunt.</span> <span class='ocrx_word' id='word_1_74' title='bbox 899 929 1127 973; x_wconf 86' lang='lat' dir='ltr'>Existimo</span> <span class='ocrx_word' id='word_1_75' title='bbox 1157 929 1298 989; x_wconf 83' lang='lat' dir='ltr'>igitur</span> <span class='ocrx_word' id='word_1_76' title='bbox 1338 930 1533 974; x_wconf 87' lang='lat' dir='ltr'>omnino</span> <span class='ocrx_word' id='word_1_77' title='bbox 1559 931 1857 976; x_wconf 88' lang='lat' dir='ltr'>scribendum</span> 
     </span>
     <span class='ocr_line' id='line_1_10' title="bbox 130 1004 951 1068; baseline 0 -19"><span class='ocrx_word' id='word_1_78' title='bbox 130 1008 270 1050; x_wconf 82' lang='lat' dir='ltr'>Arios</span> <span class='ocrx_word' id='word_1_79' title='bbox 305 1004 424 1068; x_wconf 90' lang='lat' dir='ltr'>(non</span> <span class='ocrx_word' id='word_1_80' title='bbox 458 1005 633 1067; x_wconf 73' lang='lat' dir='ltr'>Areos)</span> <span class='ocrx_word' id='word_1_81' title='bbox 669 1014 713 1049; x_wconf 89' lang='lat' dir='ltr'>et</span> <span class='ocrx_word' id='word_1_82' title='bbox 737 1008 951 1049; x_wconf 72' lang='lat' dir='ltr'>Arianos.</span> 
     </span>
    </p>

    <p class='ocr_par' dir='ltr' id='par_1_3' title="bbox 124 1083 1859 1522">
     <span class='ocr_line' id='line_1_11' title="bbox 194 1083 1856 1142; baseline 0.001 -16"><span class='ocrx_word' id='word_1_83' title='bbox 194 1085 298 1127; x_wconf 73' lang='lat' dir='ltr'><strong>CAP.</strong></span> <span class='ocrx_word' id='word_1_84' title='bbox 319 1085 397 1127; x_wconf 85' lang='lat' dir='ltr'>IV.</span> <span class='ocrx_word' id='word_1_85' title='bbox 434 1084 691 1126; x_wconf 76' lang='lat' dir='ltr'>Stasanori.</span> <span class='ocrx_word' id='word_1_86' title='bbox 709 1083 980 1141; x_wconf 80' lang='lat' dir='ltr'>Legendum</span> <span class='ocrx_word' id='word_1_87' title='bbox 1006 1091 1162 1126; x_wconf 87' lang='lat' dir='ltr'>censet</span> <span class='ocrx_word' id='word_1_88' title='bbox 1191 1083 1471 1142; x_wconf 80' lang='lat' dir='ltr'>Bongarsius</span> <span class='ocrx_word' id='word_1_89' title='bbox 1495 1084 1570 1126; x_wconf 89' lang='lat' dir='ltr'>hic</span> <span class='ocrx_word' id='word_1_90' title='bbox 1598 1084 1856 1138; x_wconf 86' lang='lat' dir='ltr'>Statanori,</span> 
     </span>
     <span class='ocr_line' id='line_1_12' title="bbox 130 1158 1859 1222; baseline 0.001 -19"><span class='ocrx_word' id='word_1_91' title='bbox 130 1170 177 1203; x_wconf 89' lang='lat' dir='ltr'>ut</span> <span class='ocrx_word' id='word_1_92' title='bbox 201 1175 334 1218; x_wconf 90' lang='lat' dir='ltr'>supra</span> <span class='ocrx_word' id='word_1_93' title='bbox 371 1175 495 1212; x_wconf 71' lang='lat' dir='ltr'>xiii,</span> <span class='ocrx_word' id='word_1_94' title='bbox 524 1166 575 1213; x_wconf 77' lang='lat'>4,</span> <span class='ocrx_word' id='word_1_95' title='bbox 610 1159 682 1202; x_wconf 89' lang='lat' dir='ltr'>cui</span> <span class='ocrx_word' id='word_1_96' title='bbox 713 1159 919 1202; x_wconf 84' lang='lat' dir='ltr'>Justinus</span> <span class='ocrx_word' id='word_1_97' title='bbox 951 1160 1158 1202; x_wconf 78' lang='lat' dir='ltr'>Drancas</span> <span class='ocrx_word' id='word_1_98' title='bbox 1186 1168 1230 1202; x_wconf 88' lang='lat' dir='ltr'>et</span> <span class='ocrx_word' id='word_1_99' title='bbox 1259 1160 1426 1203; x_wconf 89' lang='lat' dir='ltr'>Areios</span> <span class='ocrx_word' id='word_1_100' title='bbox 1454 1158 1646 1222; x_wconf 80' lang='lat' dir='ltr'>(Arios)</span> <span class='ocrx_word' id='word_1_101' title='bbox 1670 1161 1859 1217; x_wconf 87' lang='lat' dir='ltr'>tribuit,</span> 
     </span>
     <span class='ocr_line' id='line_1_13' title="bbox 128 1234 1857 1293; baseline 0.001 -14"><span class='ocrx_word' id='word_1_102' title='bbox 128 1246 176 1279; x_wconf 89' lang='lat' dir='ltr'>ut</span> <span class='ocrx_word' id='word_1_103' title='bbox 201 1245 245 1279; x_wconf 87' lang='lat' dir='ltr'>et</span> <span class='ocrx_word' id='word_1_104' title='bbox 267 1235 528 1289; x_wconf 85' lang='lat' dir='ltr'>Diodorus,</span> <span class='ocrx_word' id='word_1_105' title='bbox 551 1251 686 1277; x_wconf 81' lang='lat' dir='ltr'>xvni</span> <span class='ocrx_word' id='word_1_106' title='bbox 702 1269 713 1289; x_wconf 92' lang='lat'>,</span> <span class='ocrx_word' id='word_1_107' title='bbox 744 1234 785 1277; x_wconf 84' lang='lat'>3.</span> <span class='ocrx_word' id='word_1_108' title='bbox 812 1236 906 1278; x_wconf 85' lang='lat' dir='ltr'>Sed</span> <span class='ocrx_word' id='word_1_109' title='bbox 924 1235 1003 1292; x_wconf 90' lang='lat' dir='ltr'>qui</span> <span class='ocrx_word' id='word_1_110' title='bbox 1026 1235 1101 1277; x_wconf 89' lang='lat' dir='ltr'>hic</span> <span class='ocrx_word' id='word_1_111' title='bbox 1119 1235 1340 1278; x_wconf 49' lang='lat' dir='ltr'>tS&#39;tatanor</span> <span class='ocrx_word' id='word_1_112' title='bbox 1361 1236 1601 1292; x_wconf 89' lang='lat' dir='ltr'>Diodoro,</span> <span class='ocrx_word' id='word_1_113' title='bbox 1637 1238 1857 1293; x_wconf 87' lang='lat' dir='ltr'>Arriano,</span> 
     </span>
     <span class='ocr_line' id='line_1_14' title="bbox 128 1310 1859 1372; baseline 0.001 -17"><span class='ocrx_word' id='word_1_114' title='bbox 128 1313 207 1356; x_wconf 88' lang='lat' dir='ltr'>lib.</span> <span class='ocrx_word' id='word_1_115' title='bbox 240 1328 291 1354; x_wconf 86' lang='lat' dir='ltr'>VI</span> <span class='ocrx_word' id='word_1_116' title='bbox 312 1346 323 1366; x_wconf 98' lang='lat'>,</span> <span class='ocrx_word' id='word_1_117' title='bbox 348 1320 415 1354; x_wconf 89' lang='lat' dir='ltr'>est</span> <span class='ocrx_word' id='word_1_118' title='bbox 439 1318 683 1372; x_wconf 65' lang='grc' dir='ltr'><strong>Στασάνωρ,</strong></span> <span class='ocrx_word' id='word_1_119' title='bbox 708 1326 810 1367; x_wconf 75' lang='lat' dir='ltr'>quae</span> <span class='ocrx_word' id='word_1_120' title='bbox 840 1311 978 1353; x_wconf 88' lang='lat' dir='ltr'>lectio</span> <span class='ocrx_word' id='word_1_121' title='bbox 1007 1310 1290 1369; x_wconf 81' lang='lat' dir='ltr'>etymologia</span> <span class='ocrx_word' id='word_1_122' title='bbox 1319 1313 1667 1356; x_wconf 82' lang='lat' dir='ltr'>corroboratur.</span> <span class='ocrx_word' id='word_1_123' title='bbox 1698 1323 1859 1363; x_wconf 74' lang='grc' dir='ltr'><strong><em>Στασά-</em></strong></span> 
     </span>
     <span class='ocr_line' id='line_1_15' title="bbox 124 1386 1858 1450; baseline 0.003 -20"><span class='ocrx_word' id='word_1_124' title='bbox 124 1412 196 1450; x_wconf 62' lang='grc' dir='ltr'>νωρ</span> <span class='ocrx_word' id='word_1_125' title='bbox 224 1388 346 1431; x_wconf 89' lang='lat' dir='ltr'>enim</span> <span class='ocrx_word' id='word_1_126' title='bbox 380 1402 405 1430; x_wconf 87' lang='lat' dir='ltr'>a</span> <span class='ocrx_word' id='word_1_127' title='bbox 436 1401 587 1445; x_wconf 86' lang='lat' dir='ltr'>graeco</span> <span class='ocrx_word' id='word_1_128' title='bbox 621 1393 833 1442; x_wconf 71' lang='grc' dir='ltr'>στασάνη,</span> <span class='ocrx_word' id='word_1_129' title='bbox 867 1386 1212 1442; x_wconf 88' lang='lat' dir='ltr'>vadimonium,</span> <span class='ocrx_word' id='word_1_130' title='bbox 1235 1388 1523 1446; x_wconf 79' lang='lat' dir='ltr'>hypotheca,</span> <span class='ocrx_word' id='word_1_131' title='bbox 1550 1390 1743 1445; x_wconf 89' lang='lat' dir='ltr'>trutina,</span> <span class='ocrx_word' id='word_1_132' title='bbox 1770 1391 1858 1435; x_wconf 91' lang='lat' dir='ltr'>de-</span> 
     </span>
     <span class='ocr_line' id='line_1_16' title="bbox 126 1462 1434 1522; baseline 0 -16"><span class='ocrx_word' id='word_1_133' title='bbox 126 1463 315 1506; x_wconf 84' lang='lat' dir='ltr'>rivatur.</span> <span class='ocrx_word' id='word_1_134' title='bbox 358 1462 578 1522; x_wconf 78' lang='lat' dir='ltr'>Stagnori</span> <span class='ocrx_word' id='word_1_135' title='bbox 606 1467 851 1520; x_wconf 73' lang='lat' dir='ltr'>perperam</span> <span class='ocrx_word' id='word_1_136' title='bbox 885 1463 1054 1520; x_wconf 84' lang='lat' dir='ltr'>legitur</span> <span class='ocrx_word' id='word_1_137' title='bbox 1084 1463 1133 1505; x_wconf 92' lang='lat' dir='ltr'>in</span> <span class='ocrx_word' id='word_1_138' title='bbox 1163 1463 1234 1506; x_wconf 89' lang='lat' dir='ltr'>ed.</span> <span class='ocrx_word' id='word_1_139' title='bbox 1260 1464 1434 1522; x_wconf 90' lang='lat' dir='ltr'>Thysii.</span> 
     </span>
    </p>

    <p class='ocr_par' dir='ltr' id='par_1_4' title="bbox 120 1539 1859 2666">
     <span class='ocr_line' id='line_1_17' title="bbox 190 1539 1859 1597; baseline 0.002 -14"><span class='ocrx_word' id='word_1_140' title='bbox 190 1542 294 1584; x_wconf 77' lang='lat' dir='ltr'><strong>CAP.</strong></span> <span class='ocrx_word' id='word_1_141' title='bbox 331 1541 388 1582; x_wconf 88' lang='lat' dir='ltr'>V.</span> <span class='ocrx_word' id='word_1_142' title='bbox 428 1540 771 1597; x_wconf 79' lang='lat' dir='ltr'>Zapaortenon.</span> <span class='ocrx_word' id='word_1_143' title='bbox 804 1540 860 1580; x_wconf 89' lang='lat' dir='ltr'>In</span> <span class='ocrx_word' id='word_1_144' title='bbox 890 1539 1136 1596; x_wconf 79' lang='lat' dir='ltr'>Hyrcania.</span> <span class='ocrx_word' id='word_1_145' title='bbox 1172 1559 1190 1577; x_wconf 88' lang='lat'>«</span> <span class='ocrx_word' id='word_1_146' title='bbox 1219 1539 1503 1597; x_wconf 87' lang='lat' dir='ltr'>Scripturam</span> <span class='ocrx_word' id='word_1_147' title='bbox 1537 1549 1742 1584; x_wconf 89' lang='lat' dir='ltr'>veterem</span> <span class='ocrx_word' id='word_1_148' title='bbox 1775 1558 1859 1586; x_wconf 83' lang='lat' dir='ltr'>ex—</span> 
     </span>
     <span class='ocr_line' id='line_1_18' title="bbox 126 1614 1858 1677; baseline 0.001 -17"><span class='ocrx_word' id='word_1_149' title='bbox 126 1616 295 1676; x_wconf 84' lang='lat' dir='ltr'>pressi,</span> <span class='ocrx_word' id='word_1_150' title='bbox 331 1616 395 1660; x_wconf 85' lang='lat' dir='ltr'>ait</span> <span class='ocrx_word' id='word_1_151' title='bbox 419 1614 725 1673; x_wconf 81' lang='lat' dir='ltr'>Bongarsius,</span> <span class='ocrx_word' id='word_1_152' title='bbox 755 1623 802 1656; x_wconf 89' lang='lat' dir='ltr'>ut</span> <span class='ocrx_word' id='word_1_153' title='bbox 830 1630 887 1657; x_wconf 82' lang='lat' dir='ltr'>ex</span> <span class='ocrx_word' id='word_1_154' title='bbox 915 1631 966 1657; x_wconf 86' lang='lat' dir='ltr'>ea</span> <span class='ocrx_word' id='word_1_155' title='bbox 990 1630 1149 1658; x_wconf 81' lang='lat' dir='ltr'>veram</span> <span class='ocrx_word' id='word_1_156' title='bbox 1178 1615 1426 1658; x_wconf 89' lang='lat' dir='ltr'>lectionem</span> <span class='ocrx_word' id='word_1_157' title='bbox 1455 1616 1652 1674; x_wconf 88' lang='lat' dir='ltr'>quilibet</span> <span class='ocrx_word' id='word_1_158' title='bbox 1677 1619 1858 1677; x_wconf 81' lang='lat' dir='ltr'>assequi</span> 
     </span>
     <span class='ocr_line' id='line_1_19' title="bbox 126 1691 1856 1750; baseline 0.001 -14"><span class='ocrx_word' id='word_1_159' title='bbox 126 1702 333 1736; x_wconf 89' lang='lat' dir='ltr'>conetur.</span> <span class='ocrx_word' id='word_1_160' title='bbox 368 1694 458 1735; x_wconf 87' lang='lat' dir='ltr'>Pro</span> <span class='ocrx_word' id='word_1_161' title='bbox 487 1694 669 1733; x_wconf 83' lang='lat' dir='ltr'>Daram</span> <span class='ocrx_word' id='word_1_162' title='bbox 702 1691 862 1749; x_wconf 82' lang='lat' dir='ltr'>putavi</span> <span class='ocrx_word' id='word_1_163' title='bbox 886 1692 1135 1750; x_wconf 85' lang='lat' dir='ltr'>legendum</span> <span class='ocrx_word' id='word_1_164' title='bbox 1157 1692 1421 1745; x_wconf 75' lang='lat' dir='ltr'>Choaram,</span> <span class='ocrx_word' id='word_1_165' title='bbox 1443 1708 1498 1735; x_wconf 88' lang='lat' dir='ltr'>ex</span> <span class='ocrx_word' id='word_1_166' title='bbox 1521 1693 1662 1736; x_wconf 88' lang='lat' dir='ltr'>Plinii</span> <span class='ocrx_word' id='word_1_167' title='bbox 1684 1694 1765 1737; x_wconf 88' lang='lat' dir='ltr'>lib.</span> <span class='ocrx_word' id='word_1_168' title='bbox 1783 1711 1856 1750; x_wconf 74' lang='lat' dir='ltr'>vr,</span> 
     </span>
     <span class='ocr_line' id='line_1_20' title="bbox 132 1767 1855 1826; baseline 0.002 -14"><span class='ocrx_word' id='word_1_169' title='bbox 132 1767 200 1812; x_wconf 87' lang='lat'>15.</span> <span class='ocrx_word' id='word_1_170' title='bbox 232 1770 323 1813; x_wconf 89' lang='lat' dir='ltr'>Sed</span> <span class='ocrx_word' id='word_1_171' title='bbox 355 1768 512 1811; x_wconf 87' lang='lat' dir='ltr'>videat</span> <span class='ocrx_word' id='word_1_172' title='bbox 537 1768 684 1810; x_wconf 85' lang='lat' dir='ltr'>lector</span> <span class='ocrx_word' id='word_1_173' title='bbox 716 1783 775 1809; x_wconf 89' lang='lat' dir='ltr'>an</span> <span class='ocrx_word' id='word_1_174' title='bbox 801 1783 857 1810; x_wconf 87' lang='lat' dir='ltr'>ex</span> <span class='ocrx_word' id='word_1_175' title='bbox 891 1783 990 1825; x_wconf 89' lang='lat' dir='ltr'>cap.</span> <span class='ocrx_word' id='word_1_176' title='bbox 1024 1767 1080 1810; x_wconf 92' lang='lat'>16</span> <span class='ocrx_word' id='word_1_177' title='bbox 1105 1767 1282 1811; x_wconf 87' lang='lat' dir='ltr'>facilius</span> <span class='ocrx_word' id='word_1_178' title='bbox 1314 1768 1461 1826; x_wconf 86' lang='lat' dir='ltr'>possit</span> <span class='ocrx_word' id='word_1_179' title='bbox 1484 1769 1583 1812; x_wconf 90' lang='lat' dir='ltr'>erui</span> <span class='ocrx_word' id='word_1_180' title='bbox 1614 1785 1724 1814; x_wconf 87' lang='lat' dir='ltr'>vera</span> <span class='ocrx_word' id='word_1_181' title='bbox 1758 1772 1855 1815; x_wconf 83' lang='lat' dir='ltr'>lec-</span> 
     </span>
     <span class='ocr_line' id='line_1_21' title="bbox 124 1843 1854 1905; baseline 0.001 -15"><span class='ocrx_word' id='word_1_182' title='bbox 124 1847 203 1890; x_wconf 88' lang='lat' dir='ltr'>tio.</span> <span class='ocrx_word' id='word_1_183' title='bbox 228 1865 247 1885; x_wconf 81' lang='lat'>»</span> <span class='ocrx_word' id='word_1_184' title='bbox 281 1848 323 1888; x_wconf 81' lang='lat' dir='ltr'><em>A</em></span> <span class='ocrx_word' id='word_1_185' title='bbox 361 1845 573 1903; x_wconf 77' lang='lat' dir='ltr'>Caspiis,</span> <span class='ocrx_word' id='word_1_186' title='bbox 601 1843 752 1901; x_wconf 89' lang='lat' dir='ltr'>inquit</span> <span class='ocrx_word' id='word_1_187' title='bbox 775 1843 972 1898; x_wconf 81' lang='lat' dir='ltr'>Plinius,</span> <span class='ocrx_word' id='word_1_188' title='bbox 1006 1844 1239 1887; x_wconf 78' lang='lat' dir='ltr'>Orientem</span> <span class='ocrx_word' id='word_1_189' title='bbox 1262 1859 1421 1887; x_wconf 78' lang='lat' dir='ltr'>versus</span> <span class='ocrx_word' id='word_1_190' title='bbox 1454 1845 1581 1905; x_wconf 75' lang='lat' dir='ltr'>regio</span> <span class='ocrx_word' id='word_1_191' title='bbox 1607 1855 1678 1888; x_wconf 83' lang='lat' dir='ltr'>est</span> <span class='ocrx_word' id='word_1_192' title='bbox 1701 1848 1854 1905; x_wconf 85' lang='lat' dir='ltr'>Zapa-</span> 
     </span>
     <span class='ocr_line' id='line_1_22' title="bbox 124 1919 1853 1977; baseline 0.001 -13"><span class='ocrx_word' id='word_1_193' title='bbox 124 1931 317 1966; x_wconf 86' lang='lat' dir='ltr'>vortene</span> <span class='ocrx_word' id='word_1_194' title='bbox 350 1922 498 1974; x_wconf 84' lang='lat' dir='ltr'>dicta,</span> <span class='ocrx_word' id='word_1_195' title='bbox 545 1929 590 1963; x_wconf 84' lang='lat' dir='ltr'>et</span> <span class='ocrx_word' id='word_1_196' title='bbox 621 1920 667 1962; x_wconf 84' lang='lat' dir='ltr'>in</span> <span class='ocrx_word' id='word_1_197' title='bbox 698 1936 755 1962; x_wconf 83' lang='lat' dir='ltr'>ea</span> <span class='ocrx_word' id='word_1_198' title='bbox 772 1919 1035 1976; x_wconf 76' lang='lat' dir='ltr'>fertilitatis</span> <span class='ocrx_word' id='word_1_199' title='bbox 1070 1921 1255 1977; x_wconf 60' lang='lat' dir='ltr'>incisae</span> <span class='ocrx_word' id='word_1_200' title='bbox 1288 1922 1412 1963; x_wconf 75' lang='lat' dir='ltr'>locus</span> <span class='ocrx_word' id='word_1_201' title='bbox 1438 1921 1660 1964; x_wconf 86' lang='lat' dir='ltr'>Dareium</span> <span class='ocrx_word' id='word_1_202' title='bbox 1691 1923 1853 1967; x_wconf 75' lang='lat' dir='ltr'>dictus.</span> 
     </span>
     <span class='ocr_line' id='line_1_23' title="bbox 122 1996 1854 2056; baseline 0.001 -15"><span class='ocrx_word' id='word_1_203' title='bbox 122 1998 241 2041; x_wconf 88' lang='lat' dir='ltr'>Mihi</span> <span class='ocrx_word' id='word_1_204' title='bbox 264 2006 417 2041; x_wconf 87' lang='lat' dir='ltr'>autem</span> <span class='ocrx_word' id='word_1_205' title='bbox 441 1996 624 2039; x_wconf 86' lang='lat' dir='ltr'>videtur</span> <span class='ocrx_word' id='word_1_206' title='bbox 653 1997 983 2054; x_wconf 77' lang='lat' dir='ltr'>Zapaortenon</span> <span class='ocrx_word' id='word_1_207' title='bbox 1006 1997 1080 2039; x_wconf 87' lang='lat' dir='ltr'>vel</span> <span class='ocrx_word' id='word_1_208' title='bbox 1109 1997 1484 2055; x_wconf 74' lang='lat' dir='ltr'>Zapavorcenon,</span> <span class='ocrx_word' id='word_1_209' title='bbox 1515 1999 1723 2056; x_wconf 85' lang='lat' dir='ltr'>genitivo</span> <span class='ocrx_word' id='word_1_210' title='bbox 1751 2016 1854 2043; x_wconf 90' lang='lat' dir='ltr'>casu</span> 
     </span>
     <span class='ocr_line' id='line_1_24' title="bbox 123 2071 1856 2134; baseline 0.002 -17"><span class='ocrx_word' id='word_1_211' title='bbox 123 2075 290 2133; x_wconf 83' lang='lat' dir='ltr'>plurali</span> <span class='ocrx_word' id='word_1_212' title='bbox 320 2076 587 2117; x_wconf 70' lang='lat' dir='ltr'>Graecorum</span> <span class='ocrx_word' id='word_1_213' title='bbox 622 2071 784 2134; x_wconf 83' lang='lat' dir='ltr'>(aliter</span> <span class='ocrx_word' id='word_1_214' title='bbox 814 2073 1065 2131; x_wconf 82' lang='lat' dir='ltr'>legendum</span> <span class='ocrx_word' id='word_1_215' title='bbox 1094 2072 1215 2116; x_wconf 83' lang='lat' dir='ltr'>foret</span> <span class='ocrx_word' id='word_1_216' title='bbox 1245 2074 1566 2132; x_wconf 82' lang='lat' dir='ltr'>Zapaorteno,</span> <span class='ocrx_word' id='word_1_217' title='bbox 1597 2091 1702 2119; x_wconf 89' lang='lat' dir='ltr'>casu</span> <span class='ocrx_word' id='word_1_218' title='bbox 1727 2077 1856 2120; x_wconf 86' lang='lat' dir='ltr'>abla-</span> 
     </span>
     <span class='ocr_line' id='line_1_25' title="bbox 122 2149 1853 2214; baseline -0.002 -21"><span class='ocrx_word' id='word_1_219' title='bbox 122 2149 266 2210; x_wconf 82' lang='lat' dir='ltr'>tivo),</span> <span class='ocrx_word' id='word_1_220' title='bbox 296 2149 700 2208; x_wconf 86' lang='lat' dir='ltr'>compositumque</span> <span class='ocrx_word' id='word_1_221' title='bbox 727 2164 752 2192; x_wconf 88' lang='lat' dir='ltr'>a</span> <span class='ocrx_word' id='word_1_222' title='bbox 785 2164 938 2208; x_wconf 78' lang='lat' dir='ltr'>graeco</span> <span class='ocrx_word' id='word_1_223' title='bbox 972 2153 1073 2203; x_wconf 69' lang='grc' dir='ltr'>ζάὲη</span> <span class='ocrx_word' id='word_1_224' title='bbox 1091 2189 1100 2206; x_wconf 87' lang='lat'><strong><em>‚</em></strong></span> <span class='ocrx_word' id='word_1_225' title='bbox 1130 2149 1300 2204; x_wconf 85' lang='lat' dir='ltr'>lorica,</span> <span class='ocrx_word' id='word_1_226' title='bbox 1333 2158 1378 2193; x_wconf 89' lang='lat' dir='ltr'>et</span> <span class='ocrx_word' id='word_1_227' title='bbox 1404 2158 1641 2214; x_wconf 66' lang='grc' dir='ltr'>ἀορτέομαι,</span> <span class='ocrx_word' id='word_1_228' title='bbox 1668 2168 1853 2211; x_wconf 71' lang='lat' dir='ltr'>appen-</span> 
     </span>
     <span class='ocr_line' id='line_1_26' title="bbox 123 2226 1852 2289; baseline 0.002 -20"><span class='ocrx_word' id='word_1_229' title='bbox 123 2227 236 2280; x_wconf 90' lang='lat' dir='ltr'>dor,</span> <span class='ocrx_word' id='word_1_230' title='bbox 259 2227 472 2284; x_wconf 87' lang='lat' dir='ltr'>pendeo,</span> <span class='ocrx_word' id='word_1_231' title='bbox 495 2226 620 2269; x_wconf 91' lang='lat' dir='ltr'>unde</span> <span class='ocrx_word' id='word_1_232' title='bbox 653 2235 697 2269; x_wconf 90' lang='lat' dir='ltr'>et</span> <span class='ocrx_word' id='word_1_233' title='bbox 726 2233 893 2289; x_wconf 68' lang='grc' dir='ltr'>ἀορτήρ,</span> <span class='ocrx_word' id='word_1_234' title='bbox 918 2227 1069 2269; x_wconf 88' lang='lat' dir='ltr'>lorum</span> <span class='ocrx_word' id='word_1_235' title='bbox 1098 2241 1193 2284; x_wconf 89' lang='lat' dir='ltr'>quo</span> <span class='ocrx_word' id='word_1_236' title='bbox 1231 2227 1447 2285; x_wconf 82' lang='lat' dir='ltr'>clypeus,</span> <span class='ocrx_word' id='word_1_237' title='bbox 1479 2228 1599 2271; x_wconf 90' lang='lat' dir='ltr'>ensis</span> <span class='ocrx_word' id='word_1_238' title='bbox 1640 2238 1716 2271; x_wconf 87' lang='lat' dir='ltr'>aut</span> <span class='ocrx_word' id='word_1_239' title='bbox 1744 2245 1852 2287; x_wconf 84' lang='lat' dir='ltr'>pera</span> 
     </span>
     <span class='ocr_line' id='line_1_27' title="bbox 123 2302 1855 2363; baseline 0.002 -17"><span class='ocrx_word' id='word_1_240' title='bbox 123 2303 427 2361; x_wconf 85' lang='lat' dir='ltr'>appenditur,</span> <span class='ocrx_word' id='word_1_241' title='bbox 460 2302 660 2360; x_wconf 89' lang='lat' dir='ltr'>ideoque</span> <span class='ocrx_word' id='word_1_242' title='bbox 689 2311 823 2345; x_wconf 90' lang='lat' dir='ltr'>sonat</span> <span class='ocrx_word' id='word_1_243' title='bbox 857 2303 1036 2345; x_wconf 77' lang='lat' dir='ltr'><em>Loricoe</em></span> <span class='ocrx_word' id='word_1_244' title='bbox 1068 2318 1324 2362; x_wconf 79' lang='lat' dir='ltr'>appensoe,</span> <span class='ocrx_word' id='word_1_245' title='bbox 1356 2319 1491 2346; x_wconf 89' lang='lat' dir='ltr'>mons</span> <span class='ocrx_word' id='word_1_246' title='bbox 1523 2304 1583 2347; x_wconf 89' lang='lat' dir='ltr'>ad</span> <span class='ocrx_word' id='word_1_247' title='bbox 1608 2320 1744 2363; x_wconf 91' lang='lat' dir='ltr'>quem</span> <span class='ocrx_word' id='word_1_248' title='bbox 1781 2307 1855 2350; x_wconf 92' lang='lat' dir='ltr'>lo-</span> 
     </span>
     <span class='ocr_line' id='line_1_28' title="bbox 122 2379 1853 2438; baseline 0.002 -17"><span class='ocrx_word' id='word_1_249' title='bbox 122 2379 226 2422; x_wconf 84' lang='lat' dir='ltr'>ricae</span> <span class='ocrx_word' id='word_1_250' title='bbox 257 2379 614 2437; x_wconf 88' lang='lat' dir='ltr'>suspenduntur.</span> <span class='ocrx_word' id='word_1_251' title='bbox 651 2379 828 2421; x_wconf 85' lang='lat' dir='ltr'>Littera</span> <span class='ocrx_word' id='word_1_252' title='bbox 857 2379 883 2421; x_wconf 84' lang='lat' dir='ltr'><em>b</em></span> <span class='ocrx_word' id='word_1_253' title='bbox 909 2379 1042 2423; x_wconf 88' lang='lat' dir='ltr'>facile</span> <span class='ocrx_word' id='word_1_254' title='bbox 1071 2388 1273 2422; x_wconf 90' lang='lat' dir='ltr'>mutatur</span> <span class='ocrx_word' id='word_1_255' title='bbox 1296 2379 1421 2438; x_wconf 82' lang='lat' dir='ltr'>inp,</span> <span class='ocrx_word' id='word_1_256' title='bbox 1449 2388 1493 2423; x_wconf 92' lang='lat' dir='ltr'>et</span> <span class='ocrx_word' id='word_1_257' title='bbox 1517 2396 1543 2423; x_wconf 89' lang='lat' dir='ltr'>o</span> <span class='ocrx_word' id='word_1_258' title='bbox 1570 2380 1619 2423; x_wconf 90' lang='lat' dir='ltr'>in</span> <span class='ocrx_word' id='word_1_259' title='bbox 1642 2397 1701 2433; x_wconf 77' lang='lat' dir='ltr'>v,</span> <span class='ocrx_word' id='word_1_260' title='bbox 1732 2391 1780 2424; x_wconf 87' lang='lat' dir='ltr'>ut</span> <span class='ocrx_word' id='word_1_261' title='bbox 1805 2383 1853 2425; x_wconf 89' lang='lat' dir='ltr'>in</span> 
     </span>
     <span class='ocr_line' id='line_1_29' title="bbox 122 2455 1853 2514; baseline 0.002 -16"><span class='ocrx_word' id='word_1_262' title='bbox 122 2471 236 2498; x_wconf 84' lang='lat' dir='ltr'>voce</span> <span class='ocrx_word' id='word_1_263' title='bbox 265 2456 416 2508; x_wconf 78' lang='lat' dir='ltr'>vicus,</span> <span class='ocrx_word' id='word_1_264' title='bbox 446 2455 505 2497; x_wconf 92' lang='lat' dir='ltr'>ab</span> <span class='ocrx_word' id='word_1_265' title='bbox 541 2456 664 2511; x_wconf 77' lang='grc' dir='ltr'>οἶκος,</span> <span class='ocrx_word' id='word_1_266' title='bbox 695 2463 772 2498; x_wconf 83' lang='lat' dir='ltr'>aut</span> <span class='ocrx_word' id='word_1_267' title='bbox 801 2471 833 2498; x_wconf 82' lang='lat' dir='ltr'><em>v</em></span> <span class='ocrx_word' id='word_1_268' title='bbox 865 2456 1043 2499; x_wconf 89' lang='lat' dir='ltr'>duabus</span> <span class='ocrx_word' id='word_1_269' title='bbox 1078 2455 1319 2499; x_wconf 86' lang='lat' dir='ltr'>vocalibus</span> <span class='ocrx_word' id='word_1_270' title='bbox 1350 2455 1691 2514; x_wconf 87' lang='lat' dir='ltr'>interponitur,</span> <span class='ocrx_word' id='word_1_271' title='bbox 1726 2467 1774 2500; x_wconf 91' lang='lat' dir='ltr'>ut</span> <span class='ocrx_word' id='word_1_272' title='bbox 1805 2458 1853 2501; x_wconf 90' lang='lat' dir='ltr'>in</span> 
     </span>
     <span class='ocr_line' id='line_1_30' title="bbox 122 2531 1853 2593; baseline 0.002 -19"><span class='ocrx_word' id='word_1_273' title='bbox 122 2532 268 2574; x_wconf 87' lang='lat' dir='ltr'>verbo</span> <span class='ocrx_word' id='word_1_274' title='bbox 301 2533 530 2583; x_wconf 72' lang='lat' dir='ltr'>Avernas,</span> <span class='ocrx_word' id='word_1_275' title='bbox 556 2531 616 2573; x_wconf 87' lang='lat' dir='ltr'>ab</span> <span class='ocrx_word' id='word_1_276' title='bbox 650 2539 792 2593; x_wconf 64' lang='grc' dir='ltr'>ἅορνος,</span> <span class='ocrx_word' id='word_1_277' title='bbox 818 2533 980 2589; x_wconf 86' lang='lat' dir='ltr'>Itaque</span> <span class='ocrx_word' id='word_1_278' title='bbox 1010 2532 1102 2590; x_wconf 82' lang='lat' dir='ltr'>legi</span> <span class='ocrx_word' id='word_1_279' title='bbox 1125 2540 1278 2589; x_wconf 89' lang='lat' dir='ltr'>potest</span> <span class='ocrx_word' id='word_1_280' title='bbox 1304 2533 1656 2591; x_wconf 79' lang='lat' dir='ltr'>Zapaortenon,</span> <span class='ocrx_word' id='word_1_281' title='bbox 1691 2535 1763 2575; x_wconf 85' lang='lat' dir='ltr'>vel</span> <span class='ocrx_word' id='word_1_282' title='bbox 1796 2549 1853 2578; x_wconf 85' lang='lat' dir='ltr'>ex</span> 
     </span>
     <span class='ocr_line' id='line_1_31' title="bbox 120 2608 673 2666; baseline -0.002 -16"><span class='ocrx_word' id='word_1_283' title='bbox 120 2608 272 2651; x_wconf 88' lang='lat' dir='ltr'>Plinio</span> <span class='ocrx_word' id='word_1_284' title='bbox 307 2609 673 2666; x_wconf 74' lang='lat' dir='ltr'>Zapavortenon.</span> 
     </span>
    </p>

    <p class='ocr_par' dir='ltr' id='par_1_5' title="bbox 122 2683 1851 3034">
     <span class='ocr_line' id='line_1_32' title="bbox 186 2683 1851 2745; baseline 0.002 -18"><span class='ocrx_word' id='word_1_285' title='bbox 186 2684 464 2727; x_wconf 75' lang='lat' dir='ltr'>Phralzates.</span> <span class='ocrx_word' id='word_1_286' title='bbox 503 2684 591 2726; x_wconf 83' lang='lat' dir='ltr'>Vel</span> <span class='ocrx_word' id='word_1_287' title='bbox 631 2683 890 2737; x_wconf 77' lang='lat' dir='ltr'>Phraates,</span> <span class='ocrx_word' id='word_1_288' title='bbox 939 2698 1084 2742; x_wconf 60' lang='lat' dir='ltr'>graece</span> <span class='ocrx_word' id='word_1_289' title='bbox 1131 2690 1337 2745; x_wconf 64' lang='grc' dir='ltr'>Φραατής,</span> <span class='ocrx_word' id='word_1_290' title='bbox 1370 2697 1457 2741; x_wconf 83' lang='grc' dir='ltr'>ΡΙὉ</span> <span class='ocrx_word' id='word_1_291' title='bbox 1495 2684 1792 2739; x_wconf 69' lang='lat' dir='ltr'>Phradates,</span> <span class='ocrx_word' id='word_1_292' title='bbox 1828 2703 1851 2729; x_wconf 81' lang='lat' dir='ltr'>a</span> 
     </span>
     <span class='ocr_line' id='line_1_33' title="bbox 122 2758 1845 2823; baseline 0 -20"><span class='ocrx_word' id='word_1_293' title='bbox 122 2775 270 2817; x_wconf 77' lang='lat' dir='ltr'>graeco</span> <span class='ocrx_word' id='word_1_294' title='bbox 291 2764 444 2823; x_wconf 62' lang='grc' dir='ltr'>φραδής</span> <span class='ocrx_word' id='word_1_295' title='bbox 457 2800 466 2815; x_wconf 84' lang='lat'>‚</span> <span class='ocrx_word' id='word_1_296' title='bbox 485 2760 741 2813; x_wconf 86' lang='lat' dir='ltr'>consultus,</span> <span class='ocrx_word' id='word_1_297' title='bbox 758 2760 962 2818; x_wconf 83' lang='lat' dir='ltr'>prudens</span> <span class='ocrx_word' id='word_1_298' title='bbox 977 2794 988 2814; x_wconf 95' lang='lat'>,</span> <span class='ocrx_word' id='word_1_299' title='bbox 1006 2760 1129 2803; x_wconf 90' lang='lat' dir='ltr'>unde</span> <span class='ocrx_word' id='word_1_300' title='bbox 1147 2768 1191 2802; x_wconf 89' lang='lat' dir='ltr'>et</span> <span class='ocrx_word' id='word_1_301' title='bbox 1207 2758 1587 2817; x_wconf 77' lang='lat' dir='ltr'>Autophradates</span> <span class='ocrx_word' id='word_1_302' title='bbox 1598 2794 1613 2814; x_wconf 91' lang='lat'>,</span> <span class='ocrx_word' id='word_1_303' title='bbox 1631 2770 1675 2804; x_wconf 88' lang='lat' dir='ltr'>et</span> <span class='ocrx_word' id='word_1_304' title='bbox 1689 2762 1819 2805; x_wconf 77' lang='lat' dir='ltr'>Phra</span> <span class='ocrx_word' id='word_1_305' title='bbox 1839 2789 1845 2794; x_wconf 89' lang='lat'>-</span> 
     </span>
     <span class='ocr_line' id='line_1_34' title="bbox 124 2836 1850 2894; baseline 0.002 -18"><span class='ocrx_word' id='word_1_306' title='bbox 124 2837 372 2894; x_wconf 78' lang='lat' dir='ltr'>caphernes</span> <span class='ocrx_word' id='word_1_307' title='bbox 397 2854 410 2878; x_wconf 91' lang='lat'>.·</span> <span class='ocrx_word' id='word_1_308' title='bbox 439 2836 584 2879; x_wconf 85' lang='lat' dir='ltr'>facilis</span> <span class='ocrx_word' id='word_1_309' title='bbox 609 2836 733 2879; x_wconf 83' lang='lat' dir='ltr'>enim</span> <span class='ocrx_word' id='word_1_310' title='bbox 756 2836 951 2880; x_wconf 85' lang='lat' dir='ltr'>mutatio</span> <span class='ocrx_word' id='word_1_311' title='bbox 977 2845 1044 2879; x_wconf 89' lang='lat' dir='ltr'>est</span> <span class='ocrx_word' id='word_1_312' title='bbox 1069 2836 1231 2880; x_wconf 87' lang='lat' dir='ltr'>litterae</span> <span class='ocrx_word' id='word_1_313' title='bbox 1255 2837 1290 2878; x_wconf 88' lang='lat' dir='ltr'><em>d</em></span> <span class='ocrx_word' id='word_1_314' title='bbox 1310 2836 1358 2878; x_wconf 93' lang='lat' dir='ltr'>in</span> <span class='ocrx_word' id='word_1_315' title='bbox 1383 2851 1408 2878; x_wconf 85' lang='lat' dir='ltr'><strong><em>z</em></strong></span> <span class='ocrx_word' id='word_1_316' title='bbox 1435 2844 1480 2878; x_wconf 83' lang='lat' dir='ltr'>et</span> <span class='ocrx_word' id='word_1_317' title='bbox 1502 2836 1550 2878; x_wconf 91' lang='lat' dir='ltr'>in</span> <span class='ocrx_word' id='word_1_318' title='bbox 1574 2836 1618 2879; x_wconf 75' lang='lat' dir='ltr'>h.</span> <span class='ocrx_word' id='word_1_319' title='bbox 1645 2837 1850 2881; x_wconf 77' lang='lat' dir='ltr'>Phraor-</span> 
     </span>
     <span class='ocr_line' id='line_1_35' title="bbox 123 2913 1849 2973; baseline 0.002 -18"><span class='ocrx_word' id='word_1_320' title='bbox 123 2924 194 2955; x_wconf 79' lang='lat' dir='ltr'>ten</span> <span class='ocrx_word' id='word_1_321' title='bbox 239 2923 374 2958; x_wconf 87' lang='lat' dir='ltr'>vocat</span> <span class='ocrx_word' id='word_1_322' title='bbox 419 2915 720 2969; x_wconf 86' lang='lat' dir='ltr'>Plutarchus,</span> <span class='ocrx_word' id='word_1_323' title='bbox 768 2915 813 2956; x_wconf 90' lang='lat' dir='ltr'>in</span> <span class='ocrx_word' id='word_1_324' title='bbox 851 2915 1077 2966; x_wconf 84' lang='lat' dir='ltr'>Antonio,</span> <span class='ocrx_word' id='word_1_325' title='bbox 1118 2930 1155 2957; x_wconf 84' lang='lat' dir='ltr'>c.</span> <span class='ocrx_word' id='word_1_326' title='bbox 1198 2919 1282 2972; x_wconf 77' lang='lat'>49,</span> <span class='ocrx_word' id='word_1_327' title='bbox 1314 2913 1396 2956; x_wconf 84' lang='lat' dir='ltr'>sed</span> <span class='ocrx_word' id='word_1_328' title='bbox 1433 2913 1735 2972; x_wconf 80' lang='lat' dir='ltr'>depravatum</span> <span class='ocrx_word' id='word_1_329' title='bbox 1762 2931 1849 2973; x_wconf 89' lang='lat' dir='ltr'>pro</span> 
     </span>
     <span class='ocr_line' id='line_1_36' title="bbox 122 2990 407 3034; baseline 0 -1"><span class='ocrx_word' id='word_1_330' title='bbox 122 2990 407 3034; x_wconf 70' lang='lat' dir='ltr'>Plerahaten.</span> 
     </span>
    </p>

    <p class='ocr_par' dir='ltr' id='par_1_6' title="bbox 123 3065 1847 3201">
     <span class='ocr_line' id='line_1_37' title="bbox 186 3065 1847 3129; baseline 0 -20"><span class='ocrx_word' id='word_1_331' title='bbox 186 3067 288 3110; x_wconf 49' lang='lat' dir='ltr'>Cap.</span> <span class='ocrx_word' id='word_1_332' title='bbox 322 3069 398 3110; x_wconf 91' lang='lat' dir='ltr'>VI.</span> <span class='ocrx_word' id='word_1_333' title='bbox 436 3069 718 3112; x_wconf 76' lang='lat' dir='ltr'>Eucratides.</span> <span class='ocrx_word' id='word_1_334' title='bbox 752 3071 784 3110; x_wconf 90' lang='lat' dir='ltr'><strong>A</strong></span> <span class='ocrx_word' id='word_1_335' title='bbox 823 3083 971 3127; x_wconf 76' lang='lat' dir='ltr'>graeco</span> <span class='ocrx_word' id='word_1_336' title='bbox 1002 3074 1213 3129; x_wconf 75' lang='grc' dir='ltr'>εὐκρατής,</span> <span class='ocrx_word' id='word_1_337' title='bbox 1250 3065 1371 3109; x_wconf 81' lang='lat' dir='ltr'>bene</span> <span class='ocrx_word' id='word_1_338' title='bbox 1410 3075 1714 3125; x_wconf 84' lang='lat' dir='ltr'>temperatus,</span> <span class='ocrx_word' id='word_1_339' title='bbox 1746 3066 1847 3110; x_wconf 86' lang='lat' dir='ltr'>sin-</span> 
     </span>
     <span class='ocr_line' id='line_1_38' title="bbox 123 3143 797 3201; baseline 0.003 -15"><span class='ocrx_word' id='word_1_340' title='bbox 123 3159 276 3197; x_wconf 76' lang='lat' dir='ltr'>cerus,</span> <span class='ocrx_word' id='word_1_341' title='bbox 310 3143 484 3201; x_wconf 89' lang='lat' dir='ltr'>optime</span> <span class='ocrx_word' id='word_1_342' title='bbox 509 3145 797 3188; x_wconf 81' lang='lat' dir='ltr'>constitutus.</span> 
     </span>
    </p>
   </div>
   <div class='ocr_carea' id='block_1_3' title="bbox 1523 3394 1604 3428">
    <p class='ocr_par' dir='ltr' id='par_1_7' title="bbox 1523 3394 1604 3428">
     <span class='ocr_line' id='line_1_39' title="bbox 1523 3394 1604 3428; baseline 0 -1"><span class='ocrx_word' id='word_1_343' title='bbox 1523 3394 1604 3428; x_wconf 84' lang='lat'>10.</span> 
     </span>
    </p>
   </div>
  </div>
 </body>
</html>
