2315 3868
468 340 482 366 1
500 329 551 374 14
1194 321 1218 361 J
1224 319 1430 362 USTINI

461 426 587 479 urbs
615 442 838 475 romana
875 422 942 474 ab
970 420 1400 475 adolescentibus
1436 422 1703 475 conditur.
1740 426 1894 476 Tunc
1927 436 1979 476 et
2015 440 2165 479 sena-

458 535 543 576 tus
582 532 800 574 centum
838 521 1136 587 seniorum,
1172 521 1264 594 qui
1304 522 1489 574 Patres
1529 520 1658 573 dicti
1698 533 1851 591 sunt,
1885 524 2167 578 constitui-

457 633 546 673 tur
573 641 583 673 ε
613 632 745 673 tunc
776 631 827 672 et
855 620 1073 686 vicinis⁷
1106 619 1380 672 connubia
1410 631 1690 693 pastorum
1721 618 2168 695 dedignantibUS‚

455 720 691 794 virgines
739 719 950 772 Sabinae
990 719 1312 792 rapiuntur3
1353 717 1704 792 finitimisque
1748 717 1964 793 populis
2008 722 2170 774 armis

455 818 739 891 subjectiS‚
774 820 1014 892 primum
1048 814 1246 884 Italiae,
1280 827 1332 868 et
1362 836 1488 869 mox
1523 817 1668 870 orbis
1705 817 1993 892 imperium
2026 839 2171 893 quae-

455 919 634 970 situm.
665 918 768 969 Per
797 935 857 968 ea
883 914 1061 967 adhuc
1090 925 1335 988 tempora
1360 934 1510 989 reges
1537 915 1717 968 hastas
1742 937 1842 990 pro
1869 916 2171 970 diademate

452 1017 752 1083 habebant,
792 1034 925 1087 quas
970 1013 1148 1068 Graeci
1191 1024 1407 1089 sceptra
1450 1012 1647 1066 dixere.
1687 1016 1826 1068 Nam
1865 1028 1917 1069 et
1959 1016 2025 1069 ab
2065 1017 2174 1069 ori-

453 1117 576 1192 gine
621 1135 830 1181 rerum,
874 1133 974 1188 pro
1017 1112 1117 1166 diis
1159 1110 1558 1165 immortalibus
1608 1124 1814 1167 veteres
1856 1114 2037 1168 hastas
2075 1137 2170 1169 co-

452 1214 597 1268 luere
644 1235 653 1267 :
700 1214 769 1267 ob
816 1213 971 1286 cujus
1017 1210 1297 1287 religionis
1354 1213 1671 1265 memoriam
1718 1212 1898 1266 adhuc
1945 1212 2169 1267 deorum

452 1312 751 1368 simulacris
779 1313 944 1366 hastae
974 1312 1268 1366 adduntur.
1298 1313 1661 1386 Temporibus
1688 1314 1973 1387 Tarquinii
2002 1315 2169 1389 regis‚

451 1434 515 1466 ex
565 1414 690 1468 Asia
740 1412 1147 1465 Phocaeensium
1186 1411 1442 1485 juventus
1489 1411 1627 1464 ostio
1675 1412 1884 1465 Tiberis
1930 1414 2172 1479 invecta,

451 1513 738 1565 amicitiam
770 1531 893 1563 cum
928 1511 1188 1563 Romanis
1219 1510 1399 1583 junxit
1433 1530 1443 1562 :
1478 1510 1605 1562 inde
1638 1510 1693 1562 in
1727 1509 1947 1563 ultimos
1982 1510 2172 1565 Galliae

450 1611 596 1663 sinus
631 1609 859 1662 navibus
892 1607 1154 1682 profecta,
1188 1605 1487 1660 Massiliam
1516 1597 1657 1660 inter
1686 1608 1918 1681 Ligures
1951 1619 2003 1661 et
2033 1608 2173 1662 feras

451 1720 636 1784 gentes
679 1706 965 1761 Gallorum
1009 1705 1253 1760 condidit
1299 1727 1308 1759 :
1352 1726 1685 1780 magnasque
1729 1726 1842 1775 res,
1888 1707 1997 1760 sive
2040 1706 2172 1760 dum

450 1810 610 1862 armis
644 1829 698 1862 se
730 1808 986 1861 adversus
1019 1804 1283 1861 Gallicam
1318 1805 1582 1859 feritatem
1611 1817 1866 1875 tuentur,
1899 1807 2010 1860 sive
2043 1806 2174 1860 dum

451 1906 595 1960 ultro
637 1905 932 1972 lacessunt,
970 1925 998 1957 a
1041 1904 1239 1978 quibus
1281 1903 1497 1957 fuerant
1541 1915 1663 1957 ante
1703 1902 1960 1972 lacessiti,
1999 1925 2173 1979 gesse-

450 2017 595 2059 runt.
650 2006 902 2077 Namque
949 2003 1298 2056 Phocaeenses
1344 2003 1639 2076 exiguitate
1686 2022 1748 2055 ac
1799 2003 1969 2055 macie
2019 2014 2173 2056 terrae

450 2104 652 2172 coacti,
688 2102 982 2156 studiosius
1015 2121 1195 2170 mare,
1237 2121 1399 2174 quam
1440 2113 1644 2166 terras,
1678 2121 1965 2154 exercuere
2010 2122 2020 2153 :
2064 2102 2174 2175 pis-

451 2202 657 2269 cand0‚
702 2200 1025 2269 mercando,
1073 2199 1395 2275 plerumque
1442 2201 1603 2253 etiam
1648 2197 1934 2253 latrocinio
1975 2201 2172 2267 maris,

454 2301 598 2375 quod
623 2299 725 2353 illis
749 2298 1082 2374 temporibus
1106 2297 1290 2373 gloriae
1310 2298 1629 2367 habebatur,
1653 2299 1820 2350 vitam
1845 2296 2171 2352 tolerabant.

450 2403 642 2474 Itaque
665 2400 721 2451 in
747 2397 994 2452 ultimam
1018 2398 1223 2451 Oceani
1248 2417 1398 2449 oram
1426 2396 1719 2470 procedere
1746 2397 1884 2465 ausi,
1913 2398 1967 2450 in
1994 2399 2173 2451 sinum

452 2498 706 2573 gallicum
760 2499 898 2551 ostio
953 2496 1205 2551 Rhodani
1269 2497 1443 2549 amnis
1498 2495 1778 2549 devenere.
1841 2495 2011 2569 Cujus
2071 2495 2172 2550 loci

453 2599 765 2651 amoenitate
800 2599 978 2672 capti,
1016 2596 1214 2650 reversi
1252 2594 1509 2662 domum,
1544 2595 1834 2649 referentes
1869 2616 1988 2669 quae
2021 2596 2171 2649 vide-

454 2708 604 2763 rant,
642 2695 824 2771 plures
865 2693 1233 2749 sollicitavere.
1275 2696 1456 2749 Duces
1489 2693 1672 2747 classis
1705 2695 1879 2748 Simos
1913 2706 1966 2747 et.
1995 2696 2172 2748 Protis

453 2794 618 2848 fuere,
657 2797 847 2868 Itaque
886 2814 1066 2869 regem
1109 2793 1587 2868 Segobrigiorum,
1621 2795 1880 2847 Nannum
1919 2794 2171 2861 nomine,

454 2895 509 2946 in
552 2894 706 2968 cujus
744 2892 946 2946 finibus
987 2893 1179 2946 urbem
1224 2892 1463 2945 condere
1505 2892 1837 2966 gestiebant,
1882 2892 2171 2946 amicitiam

455 3004 729 3066 petentes,
779 2992 1126 3044 conveniunt.
1177 2993 1338 3045 Forte
1387 3012 1450 3045 eo
1497 2990 1581 3044 die
1631 3010 1723 3043 rex
1770 3002 2069 3065 occupatus
2115 2991 2172 3043 in

2045 3110 2172 3143 (Ten-

2043 3133 2074 3165 t>

457 3191 553 3256 tis,
602 3190 771 3244 electo
817 3191 958 3243 inter
1006 3189 1191 3264 epulas
1245 3210 1475 3264 genero,
1527 3201 1757 3263 nuptum
1807 3188 2018 3242 tradere
2063 3187 2172 3242 illic

455 3103 723 3166 apparatu
759 3093 1077 3165 nuptiarum
1110 3092 1307 3166 Gyptis
1336 3090 1457 3144 filiae
1484 3101 1600 3143 erat
1629 3109 1639 3141 ε
1670 3110 1832 3162 quam
1865 3110 2012 3143 more

459 3289 695 3361 parabat.
734 3292 926 3362 Itaque
964 3309 1129 3362 quum
1175 3289 1238 3340 ad
1282 3288 1499 3361 nuptias
1542 3287 1754 3341 invitati
1793 3308 1978 3341 omnes
2019 3288 2167 3362 proci
