2315 3868
421 389 434 416 ι
450 389 506 416 22
1149 371 1169 413 J
1183 372 1385 416 USTINI

414 477 575 529 etiam
615 472 886 549 Chalybes
922 474 1074 528 fluvii
1110 474 1273 550 hujus
1306 474 1523 529 finitimi
1565 473 1855 550 appellati,
1886 477 2140 554 ferroque

413 574 606 628 ceteris
638 585 893 648 praestare
924 573 1198 630 dicuntur.
1442 574 1445 577 ’

493 673 586 727 IV.
634 671 813 728 Saltus
848 695 978 728 vero
1012 676 1411 744 Tartesiorum,
1444 677 1500 731 in
1534 676 1731 752 quibus
1767 676 1991 730 Titanas
2023 676 2141 731 bel-

414 770 527 825 lum
553 769 813 828 adversus
848 773 977 827 deos
1011 774 1236 848 gessisse
1263 774 1538 849 proditur,
1564 774 1841 829 incoluere
1864 777 2104 830 Cunetes
2127 798 2139 830 :

412 890 645 943 quorum
696 892 788 926 rex
841 873 1234 927 vetustissimus
1281 877 1578 950 Gargoris‚
1627 875 1804 930 mellis
1849 875 2143 952 colligendi

413 990 572 1026 usum
611 972 819 1046 primus
852 973 1079 1026 invenit.
1113 973 1257 1026 Huic
1289 993 1462 1047 quum
1495 994 1559 1027 ex
1592 973 1714 1028 filiae
1748 988 1939 1050 stupro
1971 997 2142 1051 nepos

414 1071 781 1144 provenisset,
824 1071 1036 1145 pudore
1081 1070 1273 1146 flagitii
1318 1072 1483 1126 variis
1530 1073 1821 1148 generibus
1867 1076 2142 1150 exstingui

412 1168 705 1243 parvulum
735 1168 912 1224 voluit
941 1191 952 1224 ε
987 1170 1078 1224 sed
1111 1191 1208 1246 per
1239 1192 1429 1225 omnes
1461 1193 1614 1226 casus
1652 1171 1876 1227 fortuna
1907 1173 2143 1248 quadam

412 1281 689 1340 servamS,
739 1269 808 1323 ad
857 1282 1196 1345 postremum
1244 1270 1311 1324 ad
1358 1292 1593 1347 regnum
1642 1284 1723 1326 tot
1771 1271 2145 1348 periculorum

414 1368 762 1423 miseratione
794 1370 1059 1444 pervenit.
1097 1371 1345 1424 Primum
1376 1371 1654 1441 omnium,
1692 1393 1865 1446 quum
1898 1393 2023 1426 eum
2058 1393 2147 1427 ex-

413 1470 545 1542 poni
574 1468 846 1542 jussisset,
880 1481 933 1523 et
964 1482 1088 1543 post
1120 1468 1231 1524 dies
1266 1469 1335 1523 ad
1371 1491 1569 1544 corpus
1601 1472 1831 1545 expositi
1861 1472 2144 1545 requiren-

415 1567 546 1620 dum
576 1567 836 1637 misisset,
869 1568 1123 1621 inventus
1154 1581 1235 1622 est
1263 1570 1415 1622 vario
1444 1568 1684 1622 ferarum
1718 1567 1855 1623 lacte
1883 1571 2142 1624 nutritus.

412 1665 626 1722 Deinde
670 1664 904 1720 relatum
950 1666 1209 1737 domum,
1254 1668 1473 1722 tramite
1517 1681 1787 1744 angustO,
1834 1689 1931 1743 per
1979 1689 2142 1743 quem

413 1778 658 1821 armenta
682 1786 986 1820 commeare
1012 1779 1436 1837 consueverant,
1465 1768 1662 1842 projici
1685 1768 1844 1842 jubet
1869 1789 1879 1821 :
1908 1766 2145 1822 crudelis

416 1886 668 1940 prorSUS,
707 1866 799 1940 qui
833 1864 1139 1940 proculcari
1170 1879 1424 1941 nepotem
1445 1911 1458 1934 ,
1497 1888 1659 1941 quam
1699 1866 1933 1942 simplici
1966 1880 2144 1922 morte

416 1965 670 2031 interfici,
701 1963 911 2019 maluit.
940 1966 1025 2019 Ibi
1053 1986 1272 2040 quoque
1301 1987 1470 2040 quum
1504 1966 1799 2021 inviolatus
1835 1979 2005 2033 esset,
2043 1988 2145 2022 nec

416 2064 684 2119 alimentis
723 2077 938 2140 egeret,
981 2066 1206 2119 canibus
1251 2067 1430 2141 primo
1467 2066 1699 2141 jejunis,
1748 2079 1801 2120 et
1841 2065 2142 2121 multorum

417 2164 629 2219 dierum
663 2165 989 2218 abstinentia
1024 2165 1306 2235 cruciatiS,
1346 2186 1474 2219 mox
1505 2167 1666 2219 etiam
1700 2165 1887 2219 suibus
1922 2166 2139 2239 objecit.

416 2268 606 2339 Itaque
646 2284 817 2337 quum
860 2285 970 2317 non
1015 2263 1191 2318 solum
1235 2285 1344 2318 non
1390 2276 1707 2332 noceretur,
1750 2285 1939 2318 verum
1979 2265 2140 2319 etiam

418 2362 779 2437 quarumdam
811 2363 1070 2416 uberibus
1102 2362 1363 2429 aleretur,
1390 2362 1457 2416 ad
1488 2362 1744 2418 ultimum
1777 2364 1832 2417 in
1858 2368 2138 2420 Oceanum

418 2461 576 2535 abjici
599 2462 775 2536 jussit.
807 2464 948 2516 Tum
975 2461 1135 2537 plane
1161 2462 1448 2517 manifesto
1478 2463 1716 2538 quodam
1746 2465 1969 2518 numine
1999 2465 2142 2518 inter

419 2561 658 2614 furentes
688 2573 871 2628 aestUS,
904 2582 966 2615 ac
1000 2563 1397 2636 reciprocantes
1431 2563 1602 2616 undas
1614 2606 1627 2633 ,
1656 2562 1803 2617 velut
1833 2583 1995 2634 nave,
2030 2585 2139 2619 non

418 2658 616 2728 fluctU,
664 2661 987 2729 veheretur,
1042 2660 1148 2715 leni
1198 2660 1309 2715 salo
1360 2663 1413 2715 in
1461 2660 1619 2716 litore
1669 2665 2006 2738 exponitur:
2042 2683 2139 2718 nec

419 2757 592 2813 multo
632 2770 755 2833 post
797 2780 955 2813 cerva
998 2759 1205 2827 adfuit,
1249 2781 1369 2834 quae
1414 2761 1581 2814 ubera
1626 2760 1856 2836 parvulo
1900 2761 2135 2816 offerret.

420 2858 555 2912 Inde
586 2858 844 2933 denique,
874 2860 1287 2913 conversatione
1316 2862 1570 2930 nutricis,
1602 2862 1795 2914 eximia
1821 2882 1989 2934 puero
2016 2883 2137 2937 per-

420 2958 609 3012 nicitas
647 2957 782 3025 fuit3
820 2959 1070 3032 interque
1104 2979 1390 3013 cervorum
1429 2980 1616 3034 greges
1656 2959 1750 3012 diu
1787 2971 1996 3014 montes
2036 2960 2138 3014 sal-

420 3067 639 3130 tusque,
670 3055 815 3110 haud
850 3057 1076 3110 inferior
1107 3055 1418 3125 velocitate,
1453 3058 1775 3131 peragravit.
1811 3058 1894 3112 Ad
1930 3071 2136 3132 postre-

424 3174 571 3207 mum
603 3154 795 3229 laqueo
826 3169 1042 3229 captus,
1075 3158 1189 3231 regi
1220 3156 1365 3210 dono
1391 3156 1546 3210 datus
1574 3168 1668 3210 est.
1701 3159 1856 3210 Tunc
1888 3169 1940 3211 et
1968 3157 2135 3211 linea-

423 3265 732 3306 mentorum
775 3254 1130 3307 similitudine
1172 3269 1225 3308 et
1270 3256 1411 3308 notis
1458 3256 1735 3328 corporis,
1781 3277 1899 3329 quae
1944 3257 2135 3309 inustae

425 3350 648 3420 parvulo
679 3352 925 3421 fuerant,
961 3373 1124 3426 nepos
1154 3355 1385 3427 agnitus.
1422 3353 1795 3408 Admiratione
1826 3354 2019 3408 deindo
2057 3366 2133 3407 tot
