2315 3868
410 410 434 437 2
447 409 462 436 1
473 392 499 435 6
837 384 1315 431 ADNOTATIONES
1351 384 1419 428 IN
1454 384 1480 427 J
1484 384 1665 428 USTIN
1672 386 1693 427 I

407 486 529 529 bella
561 498 644 541 per
676 481 724 524 id
756 489 935 540 tempus
966 481 1105 540 gessit
1137 495 1241 522 cum
1271 480 1456 532 Selene,
1488 479 1706 522 Antiochi
1734 477 1803 520 Pii
1829 493 1997 533 uxore,
2034 477 2118 520 alia

406 563 451 605 in
485 558 730 602 Phoenicia.
755 557 876 601 Vide
904 559 1173 612 Josmmum,
1208 557 1363 615 Antiq.
1393 556 1527 608 Iud„
1560 570 1683 609 x111,
1715 569 1753 599 e.
1790 552 1859 597 16.

474 646 578 688 CAP.
615 646 675 689 ΙΙ.
719 645 859 689 Vecto.
889 645 958 688 Ad
986 644 1341 703 Tigranocerta,
1367 659 1405 686 a.
1435 644 1491 686 U.
1517 644 1566 687 C.
1601 640 1709 687 685.

476 721 746 765 Antiochus.
784 721 1075 780 Cognomine
1108 720 1345 763 Asiaticus.

479 797 698 855 Cyziceni
710 797 861 855 filius.
891 798 1041 840 Immo
1066 810 1236 854 nepos,
1266 794 1388 838 filius
1413 795 1631 839 Antiochi
1657 795 1737 838 Pii.
1765 795 1883 839 Vide
1908 798 2124 849 Amin„

408 873 457 915 in
489 873 715 932 Syriacis,
746 889 783 918 c,
814 879 889 931 49.

478 951 662 994 Postea.
700 951 736 993 Ι.
770 965 806 993 e.
839 957 945 1007 post
973 957 1170 1006 quatuor
1201 963 1374 1002 annOS,
1406 948 1639 991 debellato
1669 948 1954 991 Mithridate.

477 1029 663 1086 Angulo
691 1026 882 1070 Cz‘licioe.
910 1026 1237 1083 Commagene.
1264 1024 1385 1068 Vide
1413 1026 1699 1078 FROEL1C11.,
1733 1025 1916 1083 Proleg.
1941 1026 2010 1067 ad
2030 1029 2127 1068 An-

409 1094 544 1135 nales
576 1093 752 1150 Syrioe,
787 1107 831 1149 p.
861 1106 919 1146 70
948 1106 1048 1148 sqq.

475 1169 532 1211 In
555 1167 808 1226 provincioe
821 1165 1038 1223 formam
1063 1166 1255 1225 redegit.
1290 1170 1336 1207 Α.
1364 1165 1423 1217 64
1451 1182 1489 1208 a.
1516 1165 1565 1208 C.
1593 1162 1713 1226 (690
1740 1162 1924 1225 Urbis).

990 1353 1063 1394 IN
1102 1352 1381 1394 LIBRUM
1419 1353 1552 1394 XLI.

480 1523 789 1566 Continentur
819 1519 864 1560 in
898 1519 987 1560 hoc
1018 1515 1140 1559 libro
1168 1531 1238 1559 res·
1268 1515 1485 1572 parthicae
1509 1524 1553 1558 et
1577 1516 1850 1571 bactrianae,
1882 1517 1939 1559 de
1965 1500 2130 1575 quibus

414 1608 594 1644 tantum
620 1597 751 1641 abest
779 1603 827 1637 ut
850 1594 1000 1637 fontes
1025 1592 1171 1650 Trogi
1199 1599 1324 1635 certo
1349 1590 1556 1634 indicare
1580 1591 1838 1645 valeamus,
1875 1601 1922 1634 ut
1946 1593 2020 1635 vel
2042 1593 2130 1635 Ju—

415 1676 524 1721 stini
549 1681 818 1732 excerptum
847 1669 985 1713 nobis
1012 1669 1061 1711 in
1084 1668 1240 1711 multis
1265 1668 1401 1711 rebus
1430 1682 1516 1726 pro
1547 1667 1675 1710 fonte
1700 1668 1772 1710 sit.
1798 1668 2017 1712 Meliores
2035 1684 2132 1727 quae

415 1754 473 1797 de
492 1749 672 1797 difficili
693 1749 779 1791 hac
801 1746 994 1790 historia
1017 1745 1234 1788 institutae
1251 1753 1357 1788 sunt
1375 1744 1650 1802 quaestiones
1666 1745 1897 1788 habentur
1914 1745 1962 1788 in
1979 1745 2065 1789 Th.
2085 1746 2130 1789 S.

415 1827 617 1886 Bayen',
637 1824 845 1868 Historia
859 1824 990 1881 tegni
1014 1823 1276 1865 Graecorum
1301 1821 1569 1871 Bactriani,
1589 1829 1633 1863 et
1656 1820 1853 1863 loannis
1876 1823 1977 1877 Foy
2000 1821 2038 1861 V
2039 1821 2132 1864 αἱίκ

417 1908 544 1957 lant,
584 1900 846 1946 Annalibus
876 1898 1219 1942 Arsacidarum.
1239 1922 1302 1928 —-
1331 1895 1424 1950 Qui
1454 1896 1501 1937 in
1530 1893 1622 1939 fine
1652 1897 1847 1956 Prologi
1869 1897 2134 1941 indicantur

418 1995 576 2039 reges,
609 1975 921 2035 Apollodotus
954 1983 996 2017 et
1025 1972 1310 2024 Menander,
1336 1987 1432 2014 non
1466 1981 1596 2014 erant
1628 1972 1772 2015 Indiae
1806 1973 2132 2030 reges,quales

418 2057 557 2113 vulgo
589 2052 903 2104 habebantur,
936 2049 1019 2093 sed
1045 2048 1321 2101 Bactrianae,
1362 2047 1427 2090 uti
1458 2063 1607 2106 nuper
1634 2048 1900 2092 victricibus
1931 2049 2133 2093 rationi—

419 2134 503 2176 bus
534 2127 871 2174 demonstravit
902 2128 1154 2179 Lassenus,
1180 2126 1238 2167 de
1262 2125 1628 2184 Pentapotamia
1659 2125 1838 2177 indica,
1873 2140 1917 2183 p.
1946 2125 2005 2176 48
2033 2141 2133 2183 sqq.

484 2220 588 2263 CAP.
614 2219 650 2260 I.
678 2219 747 2260 De
777 2224 1012 2272 tempore,
1037 2228 1129 2271 quo
1148 2212 1396 2270 scythicam
1428 2220 1599 2255 terram
1628 2211 1902 2269 reliquerint
1933 2212 1980 2253 hi
1999 2227 2137 2254 exsu-

420 2298 507 2350 leS,
547 2293 772 2337 Arrianus
798 2291 847 2334 in
878 2299 958 2344 τοῖς
990 2298 1199 2350 Παρθικοῖς
1233 2288 1517 2342 tradiderat,
1556 2296 1729 2349 Πάρθους
1765 2294 1830 2334 ἐπὶ
1860 2291 2136 2350 Σεσώστριδος

420 2384 487 2420 τοῦ
522 2377 750 2433 Αἰγυπτίων
790 2374 983 2426 βασιλέως
1015 2372 1084 2413 καὶ
1118 2363 1315 2413 Ῐοινὸύσου
1350 2372 1429 2411 ἀπὸ
1472 2376 1541 2417 τῆς
1577 2376 1682 2425 σφῶν
1716 2370 1846 2425 χώρας
1883 2371 1933 2417 εἰς
1966 2372 2036 2415 τὴν
2072 2376 2135 2411 νῦν

423 2459 672 2510 μετοικῆσαι,
710 2446 845 2488 Hunc
884 2442 1115 2496 Just-inus,
1146 2458 1187 2496 1,
1219 2456 1317 2499 cap.
1361 2456 1406 2495 1,
1447 2441 1663 2483 Tanaum
1700 2449 1850 2482 vocat.
1890 2440 1968 2483 Ad
2012 2440 2137 2483 idem

421 2534 602 2581 tempus
634 2521 720 2564 alia
753 2534 937 2579 quoque
964 2518 1170 2561 narratio
1191 2518 1311 2560 hanc
1334 2532 1433 2560 rem
1463 2516 1603 2559 refert
1622 2532 1644 2558 a
1662 2516 1804 2559 Suida
1821 2525 1996 2558 servata
2023 2531 2137 2558 voce

423 2608 647 2661 Σέσωστρις
652 2638 713 2645 .....
738 2604 807 2645 καὶ
838 2602 1060 2658 κατῴκισεν
1093 2603 1127 2641 ε’ν
1154 2606 1203 2656 τῇ
1230 2594 1434 2656 Ᾱσσυρίων
1467 2599 1576 2654 χώρᾳ
1601 2603 1755 2639 Σκυθῶν
1794 2595 1961 2654 ἄνδρας,
2001 2600 2139 2654 μυριά-

425 2679 500 2730 δας
534 2687 584 2737 φ’,
629 2682 765 2728 οἵτινες
809 2680 1028 2724 ἐκλήθησαν
1068 2678 1289 2733 Πάρθοι,ὅ
1332 2678 1417 2717 ἐστι
1447 2679 1621 2731 Περσικῇ
1663 2674 1827 2730 γλώσσῃ
1873 2676 2030 2715 Σκύθαι“
2069 2673 2138 2713 καὶ

426 2761 538 2814 μέχρι
575 2759 740 2814 σήμερον
789 2759 921 2811 ἔχουσι
966 2756 1034 2799 τὴν
1075 2755 1214 2799 στολὴν
1252 2753 1319 2794 καὶ
1348 2754 1416 2798 τὴν
1464 2753 1605 2793 λαλίαν
1641 2751 1708 2792 καὶ
1746 2753 1833 2798 τοὺς
1874 2752 2010 2806 νόμους
2059 2754 2134 2788 τῶν

425 2840 593 2876 Σκυθῶν.

500 2916 650 2958 Trinis
673 2915 826 2968 bellis,
847 2929 941 2972 per
962 2913 1193 2956 maximos
1208 2912 1359 2953 duces.
1380 2909 1586 2953 Primum
1610 2923 1693 2966 per
1711 2908 1943 2958 Crassum,
1967 2903 2137 2948 deinde

425 3006 507 3047 per
540 2991 829 3045 Antonium3
865 2990 1067 3048 denique
1099 3003 1182 3046 per
1214 2985 1485 3029 Ventidium
1518 3002 1527 3028 :
1555 2984 1636 3028 sed
1662 2983 1736 3026 hic
1769 2981 1956 3038 quidem
1987 2980 2137 3024 victor

428 3082 585 3109 eorum
620 3066 805 3109 exstitit.

496 3143 631 3184 Malle
663 3142 851 3185 urbium.
884 3141 951 3184 Cf.
984 3144 1335 3184 APOLLODORUM
1370 3138 1416 3180 in
1443 3144 1651 3199 Παρθικοῖς
1681 3132 1804 3191 apud
1838 3132 2137 3179 Strabonem,

431 3233 504 3269 xv,
533 3233 578 3274 p.
612 3223 718 3269 472.

497 3293 558 3334 Et
600 3296 769 3344 Areos,
812 3304 856 3336 et
882 3294 1160 3351 Spartanos,
1194 3303 1236 3335 et
1280 3291 1567 3349 Margianos.
1614 3287 1773 3340 Unde,
1825 3285 2021 3336 amabo,
2060 3281 2134 3323 hic

433 3380 602 3423 graecus
636 3369 833 3425 populus
865 3368 1126 3426 Spartani?
1161 3367 1320 3410 Codex
1346 3363 1576 3407 mediceus
1608 3362 1746 3405 habet
1772 3361 2002 3419 Sparnos,
2033 3357 2061 3399 i.
2099 3372 2133 3396 e.
