2248 3697
364 262 387 288 τι
1106 249 1347 292 JUSTINI

362 350 476 403 sine
509 347 808 403 ministerio
832 348 1035 419 servili,
1063 352 1176 404 sine
1209 363 1388 419 veste,
1431 372 1594 424 quam
1642 352 1955 424 induerent,
1994 356 2071 409 vel

363 449 449 501 cui
494 447 843 516 incubarent,
872 461 934 502 ut
975 470 1005 502 a
1041 451 1229 524 primis
1267 449 1422 501 annis
1453 449 1666 503 duritiae
1710 453 2080 525 parcimoniae-

361 567 489 619 que,
525 547 638 600 sine
667 545 778 601 ullo
813 568 916 601 usu
955 548 1130 616 urbis,
1159 560 1543 601 assuescerent.
1578 549 1746 602 Cibus
1786 551 1868 603 his
1899 552 2080 625 praeda

362 647 630 713 venatica3
664 659 827 722 potus
861 659 956 699 aut
990 645 1168 714 lactis,
1200 658 1296 699 aut
1330 645 1566 699 fontium
1600 645 1781 720 liquor
1820 661 1950 702 erat.
1995 652 2082 703 Sic

361 742 428 797 ad
459 742 670 799 labores
707 744 928 799 bellicos
955 744 1373 798 indurabantur.
1413 749 1622 798 Horum
1665 746 1834 821 igitur
1878 767 1943 800 ex
1982 769 2082 801 nu-

360 863 508 897 mero
537 844 937 918 quinquaginta
963 844 1140 918 primo
1181 864 1245 897 ex
1281 845 1423 918 agris
1453 843 1812 897 finitimorum
1851 845 2082 919 praedari

361 941 538 1012 soliti,
568 942 875 996 confluente
912 942 1104 995 deinde
1147 941 1525 1011 multitudine,
1567 941 1840 996 sollicitati
1878 944 2081 1019 praeda,

360 1062 530 1116 quum
563 1040 746 1116 plures
792 1041 918 1094 facti
960 1052 1162 1108 essent,
1209 1040 1429 1093 infestas
1470 1041 1718 1114 regiones
1766 1041 2079 1095 reddebant.

357 1142 548 1213 Itaque
571 1138 826 1215 fatigatus
854 1137 1086 1213 querelis
1118 1140 1392 1192 sociorum
1419 1139 1738 1212 Dionysius,
1770 1137 1962 1192 Siciliae
2002 1151 2083 1213 ty-

358 1259 589 1307 rannus,
632 1251 910 1292 sexcentos
952 1237 1110 1293 Afros
1157 1237 1224 1290 ad
1256 1237 1677 1313 compescendos
1717 1259 1807 1292 eos
1840 1240 2083 1292 miserat:

359 1359 594 1413 quorum
643 1337 947 1406 castellum,
984 1336 1263 1411 proditum
1312 1337 1411 1389 sibi
1459 1357 1555 1411 per
1601 1337 1846 1390 Brutiam
1895 1337 2085 1391 mulie-

359 1458 502 1507 rem,
537 1448 1025 1512 expugnaverunt,
1063 1435 1245 1508 ibique
1284 1435 1583 1503 civitatem,
1631 1437 2086 1489 concurrentibus

360 1537 426 1590 ad
470 1538 784 1611 opinionem
825 1555 978 1587 novae
1013 1534 1163 1585 urbis
1200 1533 1537 1606 pastoribus,
1575 1545 1911 1598 statuerunt,
1953 1535 2088 1587 Bru-

360 1635 572 1707 tiosque
605 1654 658 1686 se
684 1653 748 1685 ex
784 1633 1004 1685 nomine
1037 1629 1279 1683 mulieris
1310 1643 1664 1683 vocaverunt.
1702 1631 1946 1684 Primum
1985 1630 2087 1685 illis

360 1754 485 1787 cum
512 1732 777 1799 Lucanis,
810 1731 1034 1805 originis
1068 1750 1176 1783 suae
1203 1728 1518 1782 auctoribus
1538 1770 1551 1796 ,
1570 1727 1775 1781 bellum
1804 1728 1923 1782 fuit.
1954 1731 2080 1800 Qua

361 1832 586 1886 victoria
617 1831 782 1884 erecti
811 1850 980 1903 quum
1007 1848 1193 1903 pacem
1221 1848 1378 1901 aequo
1405 1828 1529 1901 jure
1565 1826 1842 1895 fecissent,
1879 1839 2087 1881 ceteros

361 1931 621 1986 finitimos
653 1930 817 1983 armis
866 1928 1225 2003 subegerunt3
1261 1938 1551 1999 tantasque
1592 1945 1720 2000 opes
1767 1925 1918 1978 brevi
1962 1947 2088 1981 con-

361 2031 530 2086 secuti
586 2041 739 2098 sunt,
785 2040 848 2082 ut
905 2027 1198 2102 perniciosi
1248 2026 1409 2079 etiam
1459 2025 1678 2100 regibus
1730 2025 2081 2080 haberentur.

359 2130 610 2203 Denique
645 2126 983 2195 Alexander,
1024 2146 1118 2179 rex
1149 2126 1329 2200 Epiri,
1355 2144 1526 2198 quum
1565 2125 1620 2176 in
1652 2122 1917 2176 auxilium
1956 2145 2088 2199 grae-

363 2250 551 2283 carum
587 2227 914 2294 civitatium,
953 2246 1078 2280 cum
1123 2244 1320 2300 magno
1353 2224 1618 2291 exercitu,
1658 2223 1711 2275 in
1750 2221 1963 2275 Italiam
1998 2243 2087 2276 ve-

364 2329 556 2395 nisset,
610 2348 736 2380 cum
781 2325 1034 2380 omnibus
1082 2325 1252 2400 copiis
1288 2323 1354 2376 ab
1391 2322 1474 2376 his
1522 2320 1728 2375 deletus
1769 2333 1864 2374 est.
1900 2322 2087 2391 Quare

362 2427 544 2481 feritas
586 2448 776 2481 eorum
813 2445 1064 2480 successu
1105 2422 1373 2477 felicitatis
1410 2423 1654 2488 incensa,
1696 2421 1789 2474 diu
1828 2420 2083 2473 terribilis

363 2526 605 2581 finitimis
636 2526 753 2580 fuit.
790 2525 872 2581 Ad
902 2536 1238 2600 postremum
1262 2520 1584 2597 imploratus
1618 2517 1966 2593 Agathocles,
1991 2541 2083 2595 spe

362 2624 660 2701 ampliandi
687 2625 872 2700 regni,
911 2644 940 2677 e
976 2620 1162 2677 Sicilia
1192 2622 1247 2674 in
1283 2618 1496 2673 Italiam
1529 2618 1753 2692 trajecit.

442 2729 512 2780 ΙΙ.
536 2725 812 2799 Principio
842 2723 1107 2777 adventus
1135 2721 1249 2795 ejus
1280 2720 1536 2793 opinione
1564 2717 1839 2785 concussi,
1879 2716 2083 2792 legatos

363 2826 431 2880 ad
477 2846 626 2893 eum,
678 2824 988 2878 societatem
1039 2820 1440 2892 amicitiamque
1483 2827 1750 2891 petentes,
1798 2817 2079 2869 miserunt.

364 2925 521 2994 Quos
550 2919 877 2998 Agathocles
902 2920 970 2973 ad
1003 2939 1210 2974 coenam
1233 2917 1487 2971 invitatos
1509 2957 1521 2981 ,
1546 2935 1613 2967 ne
1643 2915 1939 2967 exercituin
1974 2927 2082 2967 tra-

358 3025 449 3097 jici
494 3022 768 3089 viderent,
812 3021 868 3072 in
913 3030 1192 3094 posterum
1242 3027 1442 3070 statuta
1488 3014 1570 3067 his
1621 3013 1738 3082 die,
1790 3033 2080 3067 conscensa

368 3143 501 3176 nave
523 3121 816 3175 frustratus
847 3130 943 3172 est.
978 3117 1084 3172 Sed
1113 3115 1317 3170 fraudis
1353 3113 1496 3167 haud
1526 3111 1679 3166 laetus
1705 3123 1929 3164 eventus
1952 3112 2081 3176 fuit3

365 3219 629 3293 siquidem
656 3219 853 3272 reverti
882 3237 1005 3270 eum
1046 3217 1100 3268 in
1131 3212 1393 3281 Siciliam,
1423 3211 1719 3285 interjectis
1748 3211 1936 3284 paucis
1973 3209 2082 3263 die-
