2315 3868
463 337 487 364 2
500 338 513 364 1
526 337 553 365 0
889 311 1367 356 ADNOTATIONES
1407 311 1473 352 IN
1512 310 1754 353 JUSTINI

458 415 515 458 de
547 411 695 468 capite
728 409 921 465 ipsoque
954 421 1151 464 corpore
1187 413 1253 448 est
1287 404 1657 463 intelligendum.
1690 430 1753 436 ——
1779 403 1899 447 Vide
1931 405 2171 448 KEPPLEM

460 486 748 544 Paralzpom.
781 484 841 526 ad
868 483 1051 537 Vitem„
1080 498 1126 542 p.
1162 481 1270 525 266.
1308 501 1325 520 υ
1363 484 1720 525 BERNECCERUS.
1754 479 1846 534 Qui
1879 480 2038 538 paullo
2069 489 2174 538 post

459 562 588 607 addit
618 577 673 605 ex
704 560 872 614 Plinio,
903 560 1018 603 Hist.
1037 570 1159 610 nat„
1180 575 1242 611 11,
1268 573 1304 601 c.
1334 556 1391 601 25
1424 574 1433 600 z
1461 578 1478 596 «
1497 555 1847 609 Brevissimum,
1871 571 1963 613 quo
1987 565 2175 599 cometae

458 646 727 690 cernantur,
762 636 962 694 spatium
989 645 1165 694 septem
1194 635 1376 677 dierum
1404 641 1678 676 annotatum
1707 639 1799 684 est;
1831 630 2174 689 longissimum,

461 714 712 773 octoginta.
738 733 754 751 »

523 790 626 834 CAP.
655 790 741 832 III.
779 790 860 832 Hae
891 803 963 831 res
998 795 1134 845 gestae
1169 795 1276 828 sunt
1310 800 1349 828 a.
1383 786 1431 828 C.
1465 785 1521 827 N.
1562 800 1663 827 112.

527 868 708 924 Cyrum.
726 864 847 907 Vide
865 878 999 921 supra
1021 877 1037 903 1
1052 895 1063 914 ‚
1089 877 1125 904 c.
1145 861 1198 915 83
1223 870 1267 904 et
1284 861 1341 905 de
1363 861 1648 918 Zopynbne,
1677 876 1739 912 11,
1761 875 1797 902 c.
1821 859 1861 912 3,
1885 867 1928 902 et
1944 875 2044 913 ΧΠ,
2070 874 2107 902 c.
2128 872 2178 910 2,

458 943 627 987 collato
644 941 928 992 ST.-C1zo1x‚
947 940 1165 980 Examen
1183 938 1327 996 criciq.
1346 938 1428 980 des
1444 937 1546 979 hist.
1566 936 1692 978 d'Al.
1707 968 1720 988 ,
1739 950 1784 992 p.
1805 934 1901 993 629
1915 951 2017 994 sqq.

527 1019 820 1077 Philippum.
848 1017 913 1059 Ut
937 1014 1057 1057 infra
1078 1029 1303 1068 xxxvui,
1328 1028 1366 1056 c.
1390 1028 1429 1067 7.
1457 1013 1617 1055 Paullo
1643 1011 1793 1054 minus
1811 1011 1928 1054 dixit
1952 1027 2025 1065 ix,
2050 1027 2086 1057 c.
2115 1025 2156 1053 2.

527 1094 719 1154 Ingenti
734 1091 970 1149 felicitate
991 1089 1270 1149 perdomuit.
1308 1087 1605 1132 Accuratiora
1637 1087 1693 1130 de
1730 1086 1845 1130 locis
1877 1102 1977 1145 quae
2010 1087 2060 1129 in
2094 1087 2181 1129 illis

461 1170 731 1229 regionibus
766 1166 1109 1227 perdomuerit‚
1150 1165 1294 1208 habes
1327 1164 1451 1222 apud
1490 1164 1793 1217 Strabonem,
1828 1179 1934 1217 VII,
1975 1178 2021 1220 p.
2063 1168 2183 1215 2143

461 1264 539 1303 XI,
572 1262 616 1306 p.
638 1247 764 1301 3443
792 1261 893 1299 ΧΠ,
925 1259 971 1302 p.
992 1242 1084 1286 382
1119 1257 1246 1300 sqq.;
1277 1249 1321 1284 et
1339 1240 1462 1299 apud
1479 1242 1782 1283 Memnonem
1814 1239 1862 1281 in
1888 1239 1959 1281 his
1987 1238 2143 1282 verbis
2172 1254 2181 1279 :

462 1329 782 1386 Κατεστρέῴατο
826 1329 990 1382 πολέμῳ
1037 1327 1125 1373 τοὺς
1156 1325 1246 1381 περὶ
1278 1327 1342 1368 τὸν
1380 1327 1504 1365 Φᾶσιν
1540 1325 1717 1375 βασιλεῖς
1753 1325 1821 1371 ἕως
1865 1329 1943 1364 τῶν
1979 1323 2074 1378 ὑπὲρ
2117 1324 2181 1362 τὀν

462 1409 703 1454 Καύκασον,
733 1413 848 1457 quos
879 1397 1038 1455 paullo
1064 1404 1171 1454 post
1202 1402 1289 1448 τοὺς
1321 1406 1474 1442 Σκυθῶν
1504 1402 1679 1451 βασιλεῖς
1710 1394 1927 1450 appellat.
1967 1393 2184 1436 Ceterum

463 1476 541 1519 alii
572 1483 765 1518 narrant
806 1488 908 1517 eum
937 1471 1150 1529 ponticas
1184 1478 1342 1527 gentes
1367 1470 1494 1526 prius
1522 1484 1659 1526 quam
1687 1466 1910 1526 scythicas
1950 1468 2078 1511 bello
2111 1469 2183 1509 la—

465 1550 716 1595 cessivisse.

535 1625 905 1685 Cappadociam.
937 1622 1076 1666 Unde
1107 1621 1476 1664 Ariobarzanem
1506 1634 1665 1679 regem
1696 1618 1905 1676 ejecerat.

531 1703 634 1746 CAP.
662 1702 743 1744 IV.
781 1700 1066 1757 Quotidz'ana
1096 1698 1441 1741 exercitatione.
1467 1697 1686 1755 Vegetius
1717 1696 1773 1739 de
1801 1711 1851 1739 re
1875 1694 2093 1750 militari,
2120 1710 2187 1748 11,

465 1795 501 1823 c.
539 1794 558 1821 1
596 1794 605 1820 :
641 1798 659 1817 «
694 1776 933 1820 Exercitus
965 1791 1022 1819 ex
1056 1790 1105 1818 re
1143 1775 1240 1832 ipsa
1276 1782 1413 1832 atque
1445 1789 1587 1833 opere
1619 1772 1828 1817 exercitii
1858 1787 2028 1815 nomen
2060 1786 2189 1815 aece-

467 1856 560 1915 pit,
593 1863 644 1898 ut
674 1854 715 1897 ei
746 1868 982 1911 nunquam
1009 1851 1169 1895 liceret
1202 1850 1415 1893 oblivisci
1441 1849 1566 1907 quod
1596 1858 1801 1892 vocatur.
1833 1867 1851 1886 ³>

535 1932 865 1988 Pyloemenem.
892 1928 1012 1971 Vide
1043 1944 1088 1986 p.
1127 1933 1230 1980 144.
1259 1925 1493 1970 Addenda
1522 1926 1732 1984 quaedam
1759 1933 1867 1968 sunt
1890 1924 1947 1968 de
1976 1925 2183 1968 historia.

468 2007 666 2051 Videtur
693 2015 799 2064 post
824 2005 1003 2048 obitum
1028 2002 1325 2062 Pylaemenis,
1351 2003 1430 2060 qui
1453 2002 1675 2045 Romanis
1700 2001 1750 2043 in
1774 2001 2054 2045 debellando
2079 2000 2188 2043 Ari-

468 2084 650 2127 stonico
682 2082 903 2125 auxilium
934 2082 1125 2135 tulerat,
1163 2081 1412 2138 Evergetes
1446 2078 1494 2120 in
1527 2092 1723 2136 regnum
1753 2077 2079 2136 Paphlagoniae
2106 2092 2190 2135 per

468 2168 791 2204 testamentum
827 2157 1095 2218 Pylaemenis
1131 2155 1395 2199 successisse
1430 2171 1439 2196 :
1478 2154 1558 2197 sed
1591 2154 1825 2212 Eupatore
1855 2153 2058 2211 pupillo,
2090 2154 2190 2207 vel,

471 2238 599 2296 quod
630 2234 927 2280 verisimilius
961 2243 1048 2288 est,
1087 2234 1240 2277 Asiam
1275 2240 1551 2291 peragrante
1586 2239 1630 2273 et
1665 2230 1724 2273 ab
1756 2229 1973 2272 omnibus
2004 2229 2072 2272 ibi
2106 2245 2188 2288 pe—

471 2314 603 2357 riisse
631 2312 825 2366 credito,
853 2312 1173 2370 Paphlagones
1202 2308 1422 2353 defecisse
1448 2324 1456 2349 :
1478 2306 1612 2350 aliter
1638 2306 1762 2349 enim
1787 2322 1947 2349 eorum
1965 2315 2087 2350 terra
2116 2307 2189 2350 in-

471 2390 589 2434 festo
625 2388 829 2433 exercitu
862 2388 1020 2431 invadi
1056 2402 1152 2429 non
1187 2393 1384 2444 poterat.
1416 2382 1711 2427 Accuratiora
1749 2382 1917 2440 reliqui
1945 2383 2191 2442 scriptores

470 2483 569 2511 non
600 2466 912 2525 suppeditant>
947 2465 1068 2507 Male
1099 2463 1156 2507 de
1182 2464 1267 2506 hac
1307 2477 1356 2505 re
1393 2460 1551 2503 statuit
1585 2461 1791 2503 Ioannes
1825 2461 1920 2515 Foy
1955 2460 2188 2511 Vaillant,

473 2543 520 2586 in
544 2543 669 2587 libro
700 2544 759 2586 de
788 2542 966 2602 regibus
999 2540 1240 2598 Bithynice
1256 2572 1269 2592 ,
1309 2553 1354 2596 p.
1384 2536 1490 2590 341.

971 2698 1043 2739 IN
1079 2696 1351 2739 LIBRUM
1387 2693 1688 2737 XXXVIII.

542 2835 755 2881 Conferri
779 2835 950 2893 ubique
975 2833 1147 2876 debent
1166 2831 1350 2875 Arriani
1374 2830 1707 2874 Mithridatica.
1732 2831 1776 2871 A
1792 2826 2014 2884 Pompeio
2031 2827 2188 2884 Trogo

477 2912 673 2971 plurima
711 2910 785 2955 hic
821 2927 879 2955 ex
916 2911 1164 2953 Memnone
1206 2909 1366 2950 hausta
1402 2922 1498 2950 esse
1533 2905 1756 2949 credibile
1795 2903 1903 2945 facit
1941 2917 2190 2945 consensus

479 3005 660 3043 eorum,
697 3004 794 3046 quae
821 3003 876 3031 ex
900 2989 1153 3030 Memnone
1181 2992 1396 3042 excerpta
1423 2983 1560 3026 nobis
1589 2979 1785 3026 servavit
1808 2978 1998 3022 Photius
2028 2979 2077 3021 in
2108 2979 2189 3021 Bi-

478 3066 726 3109 bliotheca.
773 3062 1088 3121 Chronologia
1132 3076 1286 3104 rerum
1329 3059 1612 3103 Mithridatis
1656 3071 1877 3115 perquam
1921 3054 2061 3098 dubia
2109 3063 2187 3097 est.

482 3142 702 3196 Quaedam
733 3139 924 3193 rectius,
960 3154 1096 3197 quam
1128 3146 1234 3181 ante
1266 3136 1513 3180 constituta
1546 3141 1649 3176 sunt
1674 3133 1734 3175 ab
1761 3133 1940 3174 Joanne
1971 3133 2191 3183 Ernesto,

484 3217 809 3261 Woltersdorf.
837 3216 885 3258 in
903 3215 1296 3259 commentatione
1320 3213 1379 3255 ab
1401 3209 1643 3255 Academia
1675 3207 1972 3266 Gottingensi
1993 3224 2031 3251 a.
2069 3207 2186 3250 1813

484 3294 673 3350 praemio
708 3302 869 3336 ornata
896 3309 904 3334 :
936 3292 1105 3335 Comm.
1140 3291 1288 3333 vitam
1317 3286 1605 3330 Mithridatis
1635 3285 1804 3343 Alagrzc'
1825 3299 1915 3342 per
1941 3299 2088 3326 annos
2119 3284 2163 3324 si
2181 3307 2190 3313 ·
