2315 3868
187 298 245 315 31

739 301 770 306 Ι

741 314 1417 322 -ᾑ-η-ψψ.
1423 312 1880 320 ---φφ-,-

707 495 1376 591 PROLOGI

185 715 971 801 HISTORIARUM
1026 718 1917 804 PHILIPPICARUM

609 922 1061 989 POMPEII
1119 922 1478 991 TRoGI.

722 1238 1069 1273 PROLOGUS
1114 1238 1292 1274 LIBRI
1338 1239 1373 1272 Ι.

182 1327 385 1430 Rnuo
426 1374 705 1429 volumine
740 1377 1097 1430 continentur
1131 1376 1246 1429 haec
1282 1396 1293 1428 ε
1333 1376 1635 1450 Imperium
1669 1376 1917 1451 Assyrio-

178 1497 301 1529 rum
339 1496 368 1529 a
403 1476 552 1530 Nino
588 1497 749 1552 rege,
786 1496 959 1550 usque
993 1475 1062 1529 ad
1098 1474 1550 1551 Sardanapalum.
1587 1479 1718 1531 Post
1756 1497 1917 1551 quem

179 1574 504 1630 translatum
546 1588 625 1630 est
661 1597 758 1651 per
796 1577 1066 1631 Arbacem
1108 1575 1176 1630 ad
1208 1576 1432 1645 Medos,
1471 1597 1645 1650 usque
1683 1576 1750 1630 ad
1789 1576 1918 1631 ulti-

178 1697 328 1730 mum
380 1697 562 1751 regem
611 1679 903 1752 Astyagen.
953 1680 1004 1731 Is
1052 1697 1083 1730 a
1132 1689 1331 1751 nepote
1381 1697 1480 1731 suo
1528 1680 1673 1752 Cyro
1726 1677 1916 1752 pulsus

177 1797 348 1851 regno
387 1798 397 1829 :
437 1789 489 1830 et
525 1778 701 1830 Persae
738 1797 910 1853 regno
947 1777 1125 1852 potiti.
1169 1779 1246 1831 'Ut
1288 1779 1505 1845 Croeso,
1544 1777 1731 1852 Lydiae
1771 1779 1914 1853 regi,

176 1875 377 1930 bellum
420 1875 606 1931 intulit
646 1878 855 1953 Cyrus,
893 1878 1212 1952 victumque
1252 1878 1412 1952 cepit.
1455 1878 1559 1931 Hic
1600 1877 1655 1931 in
1695 1898 1916 1932 excessu

178 1974 308 2029 dieti
335 1975 667 2031 AEolicarum
698 1989 752 2030 et
784 1978 1098 2031 Ionicarum
1129 1977 1350 2031 urbium
1383 1978 1540 2048 situs;
1567 1978 1917 2053 originesque

176 2075 487 2151 Lydorum,
531 2089 584 2130 et
624 2078 679 2131 in
720 2076 878 2132 Italia
914 2077 1276 2131 Thuseorum.
1319 2080 1448 2132 Post
1491 2080 1727 2152 Cyrum,
1770 2077 1914 2131 filius

175 2177 468 2250 Cambyses
512 2179 809 2253 AEgyptum
849 2177 1079 2232 domuit.
1117 2179 1382 2253 Repetitae
1421 2179 1640 2253 AEgypti
1675 2179 1914 2254 origines

176 2274 413 2329 urbium.
468 2277 756 2331 Exstincto
808 2278 1111 2353 Cambyse,
1164 2279 1401 2346 Darius⁷
1457 2278 1649 2332 occisis
1702 2280 1912 2355 Magis,

175 2395 403 2450 regnum
456 2378 735 2431 Persicum
791 2380 1036 2454 accepit3
1088 2392 1357 2454 captaque
1414 2377 1719 2455 Babylone,
1770 2369 1921 2434 bella'

174 2475 425 2551 Scythica
457 2475 679 2532 molitus
712 2491 806 2533 est.

699 2659 1050 2694 PROLOGUS
1094 2660 1272 2695 LIBRI
1322 2661 1383 2694 ΙΙ.

254 2798 505 2852 Secundo
531 2797 813 2852 volumine
839 2799 1195 2853 continentur
1221 2799 1335 2853 haec
1361 2820 1373 2853 z
1406 2800 1638 2874 Scythiae
1666 2813 1720 2854 et
1745 2804 1906 2856 Ponti

176 2899 342 2968 situs;
385 2900 734 2975 originesque
775 2900 1036 2974 Scythiae,
1077 2921 1250 2974 usque
1288 2900 1356 2953 ad
1390 2899 1633 2970 bellum,
1677 2922 1787 2976 quo
1828 2913 1908 2956 est

176 2996 300 3051 inde
325 2998 509 3072 pulsus
534 3001 737 3055 Darius
767 3022 776 3053 :
805 3002 898 3075 qui
925 3012 1045 3075 post
1071 2999 1214 3054 hanc
1240 3000 1424 3075 fugam
1450 3001 1674 3055 Graeciae
1699 3000 1906 3055 bellum

174 3095 387 3167 intulit,
415 3120 510 3174 per
530 3103 698 3155 Datin
722 3114 772 3154 et
799 3100 1220 3176 Tisaphernem,
1251 3100 1401 3176 quod
1427 3099 1526 3155 soli
1549 3101 1906 3156 Athenienses

176 3199 496 3252 sustinuere.
537 3202 640 3255 Hic
680 3202 917 3278 origines
959 3202 1302 3257 Athenarum
1346 3202 1617 3277 repetitae,
1660 3214 1713 3255 et
1752 3222 1905 3278 reges

176 3318 348 3373 usque
374 3299 442 3353 ad
466 3300 731 3355 Pisistrati
756 3302 1128 3377 tyrannidem,
1152 3322 1259 3376 qua
1280 3303 1546 3356 exstincta
1569 3322 1675 3377 qua
1696 3303 1906 3357 ratione
