2248 3697
629 202 1072 246 HISTORIARUM
1106 202 1218 244 LIB.
1256 203 1474 246 XXXVI.
1852 204 1912 261 69

195 301 484 357 videbatur
533 324 544 355 ε
598 303 733 357 adeo
782 316 839 357 ut
889 304 1052 356 etiam
1101 304 1439 359 sterilitatem
1488 325 1744 380 agrorum
1789 317 1914 358 ante

196 401 398 457 multos
444 424 615 456 annos
665 401 998 478 providerit,
1047 403 1384 477 perissetque
1431 406 1605 460 omnis
1651 407 1915 480 AEgyptus

195 500 360 569 fame,
402 503 505 556 nisi
548 502 762 556 monitu
805 501 919 576 ejus
961 522 1055 555 rex
1102 501 1279 556 edicto
1324 505 1526 556 servari
1573 525 1670 578 per
1716 503 1916 557 multos

195 621 366 654 annos
402 601 585 677 fruges
617 602 863 676 jussisset
898 622 909 655 ε
944 614 1203 676 tantaque
1238 603 1611 677 experimenta
1644 604 1759 678 ejus
1796 602 1913 657 fue-

194 713 348 768 runt,
387 712 447 755 ut
477 721 588 755 non
619 703 686 756 ab
720 702 974 771 homine,
1007 701 1099 756 sed
1129 723 1159 756 a
1190 701 1292 756 deo
1327 722 1586 777 responsa
1621 701 1736 757 dari.
1773 703 1918 756 vide-

194 812 400 855 rentur.
454 800 625 856 Filius
671 802 784 877 ejus
831 804 1014 857 Moses
1058 801 1189 870 fuit,
1232 822 1394 876 quem
1441 813 1640 876 praeter
1680 815 1918 876 paternae

195 902 430 955 scientiae
479 902 868 972 hereditatem,
917 903 1081 957 etiam
1128 902 1313 956 formae
1361 900 1721 977 pulchritudo
1769 921 1918 954 com-

195 1001 506 1055 mendabat.
549 1002 654 1057 Sed
698 1003 968 1078 AEgyptii,
1011 1023 1182 1077 quum
1226 1003 1462 1056 scabiem
1504 1013 1555 1055 et
1598 999 1920 1076 vitiliginem

195 1113 542 1174 paterentur,
576 1121 836 1174 responso
869 1102 1090 1168 moniti,
1123 1122 1249 1156 eum
1279 1123 1406 1156 cum
1434 1103 1617 1177 aegris,
1655 1121 1723 1154 ne
1758 1100 1923 1175 pestis

195 1199 262 1252 ad
291 1198 477 1273 plures
509 1212 773 1274 serperet,
811 1201 1061 1254 terminis
1091 1202 1308 1277 AEgypti
1340 1199 1571 1276 pellunt.
1603 1203 1728 1255 Dux
1758 1200 1925 1274 igitur

195 1296 444 1352 exsulum
480 1298 688 1369 factUS,
722 1320 874 1354 sacra
910 1301 1292 1376 AEgyptiorum
1329 1299 1476 1354 furto
1508 1298 1734 1354 abstulit
1765 1320 1775 1352 :
1807 1318 1925 1372 quae

194 1411 499 1475 repetentes
536 1400 699 1453 armis
736 1401 1002 1475 AEgyptii,
1042 1400 1269 1454 domum
1300 1401 1477 1454 redire
1510 1398 1924 1475 tempestatibus

197 1498 464 1574 compulsi
496 1511 638 1553 sunt.
664 1501 857 1573 Itaque
883 1501 1094 1568 Moses,
1123 1502 1465 1555 Damascena
1492 1501 1718 1573 antiqua
1747 1498 1926 1572 patria

197 1600 447 1671 repetita,
468 1611 712 1652 montem
734 1600 876 1652 Sinae
895 1611 1158 1674 occupat:
1184 1620 1310 1673 quo,
1336 1612 1544 1674 septem
1569 1599 1780 1652 dierum
1794 1597 1929 1671 jeju-

199 1702 320 1767 nio,
349 1719 447 1773 per
469 1698 679 1752 deserta
704 1698 917 1753 Arabiae
941 1718 1069 1752 cum
1092 1696 1301 1773 populo
1322 1718 1420 1751 suo
1446 1697 1730 1772 fatigatum
1756 1716 1926 1770 quum

198 1797 419 1852 tandem
452 1797 717 1867 venisset,
744 1797 1037 1872 septimum
1066 1796 1242 1868 diem,
1270 1817 1420 1851 more
1441 1795 1617 1872 gentis
1643 1795 1927 1849 sabbatum

197 1896 558 1973 appellatum,
583 1899 638 1952 in
657 1918 819 1951 omne
842 1918 1018 1952 aevum
1036 1898 1248 1972 jejunio
1273 1896 1529 1965 sacravit;
1552 1896 1814 1969 quoniam
1839 1893 1931 1949 illa

198 1996 310 2052 dies
345 1997 546 2052 famem
579 1995 686 2052 illis
719 2018 1071 2071 erroremque
1110 1996 1340 2050 finierat.
1375 1998 1444 2050 Et
1482 1995 1742 2069 quoniam
1778 2008 1929 2049 metu

198 2099 538 2172 contagionis
563 2095 749 2173 pulsos
779 2118 834 2152 se
857 2097 922 2152 ab
946 2099 1183 2173 AEgypto
1214 2095 1609 2164 meminerant,
1642 2115 1709 2147 ne
1743 2094 1930 2148 eadem

201 2215 364 2249 causa
413 2197 572 2251 invisi
620 2197 766 2272 apud
813 2196 1015 2252 incolas
1064 2196 1276 2263 forent,
1328 2207 1625 2265 caverunt,
1683 2214 1749 2247 ne
1805 2214 1930 2247 cum

199 2297 501 2372 peregrinis
536 2299 1008 2352 communicarent
1042 2318 1052 2351 :
1088 2297 1238 2372 quod
1270 2317 1335 2350 ex
1370 2316 1531 2350 causa
1561 2295 1767 2349 factum
1800 2315 1933 2369 pau-

201 2396 353 2450 latim
377 2398 431 2450 in
452 2396 795 2472 disciplinam
821 2396 1257 2471 religionemque
1279 2396 1566 2449 convertit..
1587 2396 1719 2448 Post
1735 2396 1931 2448 Mosen

201 2499 365 2550 etiam
410 2495 553 2551 filius
601 2497 716 2571 ejus
753 2499 954 2565 AruaS,
996 2496 1249 2550 sacerdos
1283 2497 1446 2549 sacris
1490 2495 1762 2571 aegyptiiS,
1807 2515 1932 2548 mox

201 2618 294 2651 rex
334 2609 577 2666 creatur,
628 2617 951 2672 semperque
1009 2596 1199 2650 exinde
1240 2596 1329 2649 hic
1372 2615 1490 2649 mos
1529 2594 1676 2670 apud
1718 2594 1933 2649 Judaeos

201 2697 334 2767 fuit,
376 2710 438 2752 ut
481 2696 697 2752 eosdem
739 2717 891 2772 reges
933 2709 985 2751 et
1031 2696 1337 2751 sacerdotes
1368 2696 1633 2750 haberent
1658 2717 1668 2749 :
1694 2715 1932 2771 quorum

199 2798 408 2871 justitia
427 2796 690 2873 religione
708 2798 1001 2872 permixta,
1026 2796 1345 2851 incredibile
1368 2808 1638 2871 quantum
1662 2793 1930 2850 coaluere.

282 2900 378 2951 III.
428 2900 574 2973 Opes
614 2899 763 2973 genti
805 2917 868 2950 ex
909 2895 1264 2972 vectigalibus
1306 2894 1642 2970 opobalsami
1684 2915 1931 2966 crevere,

202 2996 351 3070 quod
401 2999 456 3051 in
505 2998 588 3052 his
633 3010 849 3052 tantum
895 2997 1210 3072 regionibus
1256 2997 1514 3072 gignitur.
1555 2998 1652 3050 Est
1694 3015 1931 3070 namque

209 3093 389 3165 valliS,
431 3118 548 3171 quae
590 3099 863 3151 continuis
906 3097 1216 3165 montibus,
1261 3094 1414 3149 velut
1454 3115 1615 3149 muro
1659 3095 1930 3169 quodam,

207 3195 274 3249 ad
304 3196 476 3250 instar
507 3211 809 3252 castrorum
841 3196 1131 3252 clauditur.
1168 3197 1417 3271 Spatium
1445 3194 1550 3250 loci
1578 3194 1811 3250 ducenta
1837 3196 1928 3270 ju-
