2315 3868
400 397 415 423 1
427 395 486 423 oo
1132 376 1156 417 J
1162 374 1370 417 USTINI

393 483 551 536 minis
588 477 780 553 proelia
828 476 1109 546 deserunt,
1146 499 1206 531 ac
1247 476 1411 553 paulo
1451 488 1573 551 post
1606 497 1847 552 pugnam
1883 497 1948 530 ex
1987 477 2113 552 fuga

393 591 680 654 repetunt,
715 589 808 646 ut,
843 597 1012 652 quum
1049 578 1284 630 maxime
1318 577 1507 630 vicisse
1539 587 1591 629 te
1624 588 1780 650 putes
1801 618 1814 644 ,
1851 587 1981 629 tunc
2017 577 2112 629 tibi

391 679 679 733 discrimen
722 675 1070 732 subeundum
1112 676 1197 730 sit.
1238 676 1649 730 Munimentum
1690 674 1818 749 ipsis
1855 675 2115 748 equisque

390 776 570 831 loricae
593 775 846 851 plumatae
869 789 1022 842 sunt,
1046 796 1164 850 quae
1188 786 1487 849 utrumque
1510 787 1626 829 toto
1649 795 1877 849 corpore
1901 786 2113 849 tegunt.

389 879 522 934 Auri
558 877 878 952 argentique
910 874 1092 930 nullus
1127 876 1230 929 nisi
1265 876 1319 929 in
1350 877 1514 929 armis
1545 896 1691 929 usus.

468 979 568 1032 III.
615 979 826 1031 Uxores
870 974 1160 1030 dulcedine
1200 975 1362 1028 variae
1403 974 1642 1028 libidinis
1686 974 1887 1050 singuli
1931 974 2116 1049 plures

387 1078 591 1131 habent
638 1097 648 1129 :
698 1096 795 1129 nec
835 1073 945 1128 ulla
992 1072 1190 1128 delicta
1238 1072 1508 1127 adulterio
1558 1074 1776 1148 gravius
1818 1073 2115 1128 vindicant.

389 1176 766 1246 Quamobrem
799 1174 1011 1228 feminis
1043 1194 1154 1227 non
1187 1173 1436 1227 convivia
1465 1185 1681 1227 tantum
1714 1174 1992 1241 virorum,
2027 1194 2117 1227 ve-

388 1297 512 1331 rum
537 1276 698 1329 etiam
726 1285 1077 1349 conspectum
1104 1273 1455 1327 interdicunt.
1485 1275 1664 1327 Carne
1690 1293 1800 1326 non
1827 1274 1930 1326 nisi
1958 1293 2119 1326 vena-

388 1376 532 1430 tibus
557 1376 781 1450 quaesita
805 1385 1119 1427 vescuntur.
1150 1374 1315 1447 Equis
1340 1374 1491 1426 omni
1523 1383 1768 1446 tempore
1795 1384 2084 1426 vectantur
2105 1394 2115 1425 ε

389 1473 493 1529 illis
530 1473 703 1542 bella,
744 1472 847 1526 illis
887 1473 1161 1540 convivia,
1197 1470 1300 1525 illis
1339 1470 1556 1546 publica
1592 1491 1653 1524 ac
1694 1472 1905 1545 privata
1942 1471 2118 1525 officia

389 1575 596 1628 obeunt
638 1594 647 1626 :
691 1593 855 1647 super
889 1570 1009 1625 illos
1043 1572 1152 1637 ire,
1191 1571 1520 1635 consistere,
1557 1571 1820 1637 mercari,
1859 1569 2115 1644 colloqui.

386 1677 504 1727 Hoc
535 1672 767 1746 denique
799 1671 1093 1724 discrimen
1124 1671 1264 1723 inter
1291 1689 1472 1722 servos
1500 1666 1809 1743 liberosque
1838 1680 1940 1737 est,
1971 1669 2119 1743 quod

387 1774 528 1827 servi
558 1771 818 1847 pedibus,
853 1769 1008 1824 liberi
1042 1790 1150 1823 non
1184 1770 1287 1823 nisi
1320 1770 1473 1842 equis
1509 1768 1787 1822 incedunt.
1825 1767 2118 1843 Sepultura

388 1872 583 1947 vulgo,
624 1883 718 1925 aut
757 1871 978 1939 avium,
1016 1881 1112 1923 aut
1156 1889 1353 1922 canum
1397 1867 1630 1922 laniatus
1676 1881 1769 1921 est.
1820 1867 1982 1922 Nuda
2024 1867 2116 1922 de-

388 1991 536 2025 inum
569 1991 689 2024 ossa
717 1982 863 2023 terra
889 1969 1147 2023 obruunt.
1185 1971 1248 2021 In
1283 1968 1760 2043 superstitionibus
1793 1979 1955 2042 atque
1987 1988 2118 2022 cura

388 2071 613 2125 deorum
654 2070 924 2146 praecipua
968 2068 1225 2122 omnibus
1259 2067 1538 2121 veneratio
1574 2078 1665 2120 est.
1709 2067 1937 2142 Ingenia
1970 2068 2117 2142 genti

389 2170 622 2240 tumida,
654 2169 932 2237 seditiosa,
961 2166 1337 2235 fraudulenta,
1364 2167 1616 2242 procacia
1644 2187 1654 2219 ε
1684 2167 1886 2240 quippe
1915 2165 2116 2219 violen-

387 2273 517 2324 tiam
564 2271 725 2337 viris,
761 2268 1239 2323 mansuetudinem
1275 2265 1597 2320 mulieribus
1630 2267 1926 2341 assignant.
1967 2268 2120 2320 Sem-

387 2392 482 2446 per
514 2382 608 2424 aut
646 2370 699 2422 in
735 2381 1008 2437 externos,
1047 2381 1142 2422 aut
1174 2368 1230 2421 in
1265 2367 1590 2421 domesticos
1622 2378 1804 2419 motus
1838 2366 2068 2440 inquieti
2103 2388 2113 2420 :

389 2482 586 2522 natura
619 2469 766 2522 taciti
790 2491 798 2521 :
826 2468 895 2522 ad
925 2466 1260 2535 faciendum,
1294 2487 1458 2540 quam
1483 2465 1550 2518 ad
1574 2464 1868 2519 dicendum
1893 2485 2114 2540 promp-

391 2569 549 2621 tiores
605 2589 615 2620 :
671 2567 902 2642 proinde
957 2565 1194 2620 secunda
1248 2565 1583 2639 adversaque
1636 2564 1852 2618 silentio
1905 2575 2115 2639 tegunt.

383 2669 733 2743 Principibus
761 2679 935 2736 metu,
966 2688 1074 2721 non
1103 2666 1314 2741 pudore
1341 2676 1534 2740 parent
1562 2686 1572 2718 ε
1603 2666 1657 2717 in
1686 2662 1965 2717 libidinem
1992 2685 2117 2738 pro-

384 2768 539 2842 jecti,
582 2768 636 2820 in
676 2768 855 2820 cibum
901 2767 1065 2841 parci.
1103 2765 1259 2819 Fides
1300 2765 1456 2818 dictis
1499 2762 1888 2840 promissisque
1935 2762 2119 2828 nulla,

388 2868 490 2921 nisi
523 2880 793 2941 quatenus
825 2865 1055 2940 expedit.

467 2969 560 3021 IV.
611 2970 740 3020 Post
770 2977 1002 3019 mortem
1037 2964 1333 3018 Alexandri
1366 2966 1580 3039 Magni,
1615 2983 1785 3036 quum
1819 2963 1960 3015 inter
1993 2983 2116 3016 sue-

388 3088 621 3121 cessores
675 3066 788 3140 ejus
835 3065 1080 3119 Orientis
1131 3085 1298 3139 regna
1348 3062 1746 3129 dividerentur,
1799 3060 1952 3115 nullo
1997 3064 2117 3116 Ma-

389 3166 655 3219 cedonum
713 3164 971 3238 dignante
1027 3165 1358 3218 Parthorum
1419 3162 1708 3235 imperium
1733 3204 1746 3229 ,
1805 3163 2082 3216 Stasanori
2104 3203 2117 3230 ,

390 3276 610 3318 externo
650 3265 828 3330 socio,
868 3263 1118 3317 traditur.
1160 3264 1230 3315 Hi
1262 3274 1482 3337 postea,
1527 3260 1762 3313 diductis
1799 3260 2113 3314 Macedoni-

391 3365 488 3416 bus
523 3364 574 3415 in
608 3362 809 3416 bellum
840 3361 1024 3431 civile,
1057 3383 1179 3415 cum
1212 3361 1402 3414 ceteris
1438 3361 1730 3434 superioris
1765 3361 1905 3414 Asiae
1941 3380 2116 3435 popu-
