2315 3868
663 336 995 379 HISTORIAS
1036 338 1425 382 PHILIPPICAS.
1828 361 1843 387 1
1857 362 1883 405 9
1897 363 1913 388 r

187 433 287 476 aliis
324 431 630 490 scriptoribus
662 448 758 475 non
788 439 979 474 servatae
1004 447 1012 473 :
1042 448 1079 474 c.
1107 448 1144 475 e.
1166 433 1223 475 de
1249 437 1318 477 Ga
1341 434 1492 477 lorum
1522 450 1679 494 pugna
1711 439 1819 482 satis
1843 456 1921 484 ce—

185 509 303 552 lebri
333 518 494 552 contra
520 509 694 552 Zielam
726 507 1004 566 Bithynum,
1039 523 1175 565 quam
1200 508 1279 550 alii
1312 511 1542 569 Pergami
1576 513 1746 558 factam
1778 515 1915 561 fuisse

184 602 280 628 non
306 586 569 644 perhibent.
597 585 664 628 Cf.
693 586 1048 637 PnYLARCHUM,
1067 599 1267 642 quocum
1295 586 1433 628 etiam
1467 587 1513 630 in
1537 592 1915 648 sequentibusli—

184 663 279 705 bris
310 662 520 720 Pompeii
549 661 756 704 narratio
786 676 1125 718 nonnunquam
1153 669 1399 720 tantopere
1425 666 1662 723 congruit,
1687 678 1738 711 ut
1769 683 1824 713 ex
1857 686 1914 714 eo

183 739 391 784 haustam
423 754 519 783 esse
551 738 629 780 vix
660 737 876 780 dubitare
904 737 1077 795 possiS,
1109 738 1234 795 apud
1261 739 1558 796 Athenaeum,
1591 758 1654 796 11,
1684 760 1726 802 p.
1761 744 1909 799 58,C.

181 816 364 860 Deinde
386 815 581 859 victoria
616 815 792 858 navalis
823 815 1060 858 Ptolemaei
1098 812 1379 877 (Evergetae)
1414 827 1574 861 contra
1616 822 1907 880 Antigonum

181 893 239 934 ad
271 891 504 947 Andrum,
539 907 639 950 quae
669 891 768 935 sine
800 891 946 934 dubio
978 900 1213 950 reportata
1248 901 1313 935 est
1344 894 1389 935 in
1424 895 1675 954 Antigoni,
1706 899 1910 943 Dosonis

180 969 462 1027 cognomine
478 1004 489 1025 ,
508 968 810 1027 expeditione
830 968 1009 1022 navali,
1036 968 1082 1010 in
1117 969 1295 1012 Seleuci
1315 970 1526 1014 Callinici
1549 972 1744 1030 gratiam
1775 975 1907 1020 facta.

245 1047 403 1092 CARI.
439 1046 658 1089 Laodice.
692 1047 746 1088 In
768 1045 939 1087 Justini
981 1045 1122 1089 codd.
1164 1046 1257 1090 fere
1286 1046 1458 1105 ubique
1491 1049 1695 1093 Laudice
1737 1051 1907 1095 scribi—

179 1130 264 1164 tur.
299 1123 410 1165 Erat
438 1122 569 1181 prior
597 1122 821 1165 Antiochi
850 1121 1045 1179 conjux,
1092 1121 1188 1165 filia
1218 1123 1383 1166 Achaei.

251 1200 459 1242 Sororem
490 1198 751 1243 Ptolemaei.
786 1199 970 1242 Scilicet
1001 1200 1266 1258 Evergetae,
1298 1197 1440 1242 filiam
1470 1202 1707 1246 Ptolemaei
1738 1206 1903 1248 Phila-

178 1276 360 1335 delphi,
389 1276 515 1333 cujus
546 1275 722 1334 nuptiis
752 1290 843 1332 pax
876 1275 1126 1318 constituta
1157 1284 1224 1318 est
1261 1275 1385 1318 inter
1413 1278 1710 1322 Ptolemaeum
1744 1282 1904 1325 Phila—

177 1353 402 1411 delphum
426 1362 470 1395 et
499 1352 780 1395 Antiochum
805 1353 969 1394 Deum.

247 1430 410 1472 Totum
435 1443 627 1487 regnum
662 1428 854 1471 Seleuci.
888 1427 943 1471 Id
972 1428 1159 1486 quidem
1193 1429 1361 1486 partim
1401 1440 1720 1490 expugnatum
1757 1443 1854 1478 erat
1881 1452 1903 1478 a

174 1507 447 1560 Ptolemaeo,
474 1505 643 1564 partim
666 1513 834 1563 sponte
866 1505 925 1548 ad
952 1521 1054 1548 eum
1081 1505 1333 1561 defecerat,
1365 1506 1425 1549 ita
1458 1516 1507 1550 ut
1535 1509 1749 1553 Seleucus
1781 1527 1903 1569 prae—

175 1590 244 1624 ter
269 1582 463 1640 Lydiam
489 1591 532 1624 et
556 1581 803 1640 Phrygiam
831 1581 889 1624 de
920 1596 1067 1639 regno
1090 1598 1173 1626 suo
1203 1582 1320 1625 nihil
1352 1584 1587 1627 retineret.

241 1658 344 1700 Cap.
378 1660 438 1701 ΙΙ.
479 1657 818 1717 Compar-asset.
843 1660 932 1701 Per
962 1658 1175 1701 Rhodios
1208 1667 1251 1702 et
1281 1675 1437 1716 regem
1464 1661 1769 1708 Macedoniae.

243 1734 466 1777 Civitates.
497 1735 641 1778 Erant
672 1734 741 1776 hae
771 1733 1068 1777 Rhodiorum
1088 1769 1099 1789 ,
1138 1735 1383 1789 Chiorum,
1419 1736 1698 1781 Lesbiorum
1732 1749 1775 1782 et
1809 1741 1902 1800 By-

174 1812 390 1855 zantium.

241 1889 474 1930 Ptoelium.
502 1889 690 1930 Factum
721 1896 787 1931 est
812 1887 869 1931 ad
898 1890 1102 1945 Ancyra.
1134 1889 1254 1932 Vide
1281 1890 1544 1950 Prologum.

239 1964 344 2007 CAP.
386 1965 471 2008 III.
518 1966 622 2007 Rea:
664 1964 907 2020 Bithynice
955 1966 1203 2008 Eumenes.
1245 1969 1350 2009 Duo
1392 1968 1468 2010 hic
1512 1978 1697 2027 peccata
1730 1970 1900 2014 Justini

173 2050 299 2095 sunt,
333 2057 432 2099 quae
468 2041 753 2100 explicamus
796 2041 953 2084 verbis
984 2043 1156 2085 Gtoevii
1188 2059 1200 2085 .·
1233 2064 1249 2082 «
1283 2045 1498 2088 Graviter
1535 2046 1609 2089 hic
1639 2047 1899 2092 hallucina«

172 2127 242 2162 tus
279 2128 346 2161 est
377 2118 605 2173 Justinus,
639 2134 725 2162 nec
766 2128 921 2177 potest
963 2119 1290 2163 emendatione
1317 2120 1501 2178 juvari,
1530 2131 1579 2165 ut
1613 2132 1657 2166 et
1688 2125 1900 2168 Vorstius

174 2195 290 2238 vidit
313 2204 357 2238 et
385 2196 597 2254 pluribus
625 2195 821 2238 adstruit
860 2195 1194 2239 eruditissimus
1226 2197 1496 2241 Perizonius
1522 2199 1569 2241 in
1590 2200 1899 2244 Animadver-

170 2271 372 2314 sionibus
403 2272 661 2325 historicis,
695 2288 733 2316 c.
768 2288 808 2314 11
838 2270 906 2332 [p.
939 2272 996 2327 76
1024 2288 1125 2331 sqq.
1149 2306 1160 2325 ,
1190 2274 1261 2316 ed.
1293 2273 1533 2335 Harless.].
1566 2275 1660 2318 Ubi
1693 2278 1899 2320 ostendit

173 2349 353 2390 nullum
384 2349 637 2391 Eumenem
667 2348 803 2391 fuisse
833 2349 956 2392 inter
982 2363 1115 2407 reges
1143 2350 1400 2409 Bithyniae3
1428 2351 1732 2396 Nicomedem
1762 2369 1897 2409 ver0,

171 2440 407 2482 nunquam
442 2438 546 2467 cum
578 2424 722 2468 Gallis
740 2440 990 2483 pugnasse,
1029 2427 1111 2469 sed
1143 2436 1306 2470 contra
1331 2428 1432 2485 ipso
1466 2428 1714 2485 adjuvante
1737 2431 1863 2474 Galle
1892 2450 1896 2471 ·.

171 2501 219 2542 in
253 2501 405 2542 Asiam
441 2501 640 2558 primum
674 2502 964 2560 pervenisse,
1000 2512 1044 2545 et
1076 2503 1378 2546 arctissimam
1403 2519 1505 2546 cum
1538 2520 1595 2548 eo
1626 2505 1898 2550 societatem

172 2577 514 2636 amicitiamque
546 2578 702 2621 iniisse
734 2593 785 2621 ac
809 2588 1040 2637 perpetuo
1073 2580 1294 2638 deinceps
1326 2596 1530 2624 servasse
1556 2598 1565 2624 :
1599 2598 1749 2641 neque
1765 2583 1896 2627 illum

171 2655 392 2711 aequalem
421 2654 558 2697 fuisse
595 2656 787 2698 Seleuco
828 2656 1057 2699 Callinico
1087 2666 1130 2700 et
1168 2657 1408 2701 Antiocho
1443 2658 1650 2712 Hieraci,
1692 2660 1750 2703 de
1789 2661 1894 2720 qui—

170 2731 255 2773 hus
289 2731 364 2773 hic
389 2740 494 2789 agat
523 2731 755 2786 Justinus,
787 2733 867 2775 sed
893 2732 1079 2776 illorum
1112 2750 1226 2788 avo,
1257 2735 1494 2778 Antiocho
1524 2736 1691 2779 Soteri.
1720 2738 1894 2781 Verum

169 2806 395 2865 Bithyniae
434 2822 591 2866 regem
628 2808 710 2851 illo
745 2818 954 2867 tempore
996 2809 1132 2853 fuisse
1178 2811 1373 2865 Zielam,
1405 2812 1675 2855 Nicomedis
1716 2812 1893 2869 filium,

170 2891 218 2924 ut
247 2898 343 2926 non
376 2885 523 2927 solum
556 2900 610 2928 ex
636 2894 896 2943 temporum
929 2886 1137 2940 ratione,
1169 2887 1249 2930 sed
1278 2896 1321 2931 et
1351 2904 1407 2931 ex
1426 2889 1635 2947 Prologis
1654 2889 1885 2934 librorum

169 2959 316 3016 Trogi
348 2971 581 3018 appareat.
601 2963 719 3004 Nam
751 2963 799 3004 in
830 2963 966 3018 hujus
998 2963 1107 3006 libri
1125 2965 1330 3021 Prologo
1357 2965 1449 3022 legi
1474 2980 1531 3007 ex
1557 2966 1890 3011 emendatione

169 3034 341 3078 Valesii
365 3052 374 3077 ε
415 3038 558 3096 thue
585 3038 717 3082 Galli
742 3040 971 3097 Pergamo
999 3040 1115 3082 victi
1139 3041 1198 3083 ab
1222 3042 1385 3083 Attalo
1421 3042 1602 3084 Zielczm
1628 3043 1887 3101 Bithynum

168 3114 430 3158 occiderint.
457 3116 614 3158 Gallos
637 3115 793 3174 itaque
820 3131 918 3159 non
949 3131 1086 3159 caesos
1111 3131 1207 3159 esse
1233 3117 1291 3159 ab
1316 3131 1426 3175 rege
1457 3118 1705 3177 Bithyniae,
1723 3119 1804 3163 sed
1828 3120 1889 3163 ab

169 3191 345 3242 Attalo,
390 3191 603 3249 Pergami
640 3192 863 3251 dynasta,
907 3192 963 3235 de
1002 3208 1093 3250 quo
1134 3193 1291 3236 Livius
1335 3210 1520 3252 quoque
1558 3210 1656 3237 rem
1706 3206 1890 3251 narrat,

169 3267 250 3309 lib.
285 3281 499 3320 xxxv111,
544 3283 613 3310 10.
645 3270 932 3315 Plurifariam
960 3269 1099 3328 igitur
1130 3285 1321 3327 peccare
1361 3271 1620 3324 Justinum,
1658 3271 1768 3314 dum
1795 3288 1886 3330 pro

168 3344 326 3385 Attalo
365 3345 616 3387 Eumenem
646 3345 935 3390 decessorem
963 3347 1084 3390 illius
1108 3347 1342 3401 nominat3
1361 3348 1531 3391 deinde
1550 3364 1691 3407 quum
1719 3349 1891 3407 Bithy-
