2248 3697
545 208 982 253 HISTORIARUM
1019 211 1132 254 LIB.
1170 212 1313 255 xxv.
1739 226 1753 252 ι
1767 228 1794 269 9

79 314 182 369 Sed
211 327 270 368 ut
300 314 368 368 ad
403 311 740 367 devincenda
766 332 934 386 regna
969 310 1201 366 invictus
1227 315 1532 368 habebatur
1564 336 1574 367 :
1610 316 1684 368 ita
1710 314 1797 369 de-

82 415 231 468 victis
265 412 650 487 acquisitisque
685 408 935 464 celeriter
979 411 1212 464 carebat.
1245 414 1419 466 Tanto
1452 413 1649 467 melius
1684 426 1795 467 stu-

82 512 242 566 debat
274 511 554 584 acquirere
601 510 853 584 imperia,
892 528 1057 582 quam
1098 509 1350 562 retinere.
1393 513 1585 584 Itaque
1628 533 1798 586 quum

84 611 264 685 copias
305 609 690 664 Cherroneson
746 608 1187 683 transposuisset,
1226 606 1589 683 legationibus
1636 611 1803 666 Athe-

84 709 382 776 niensium,
429 720 483 762 et
529 707 884 775 Achaeorum,
943 708 1457 782 Messeniorumque
1512 709 1798 782 excipitur.

83 807 188 862 Sed
225 819 278 861 et
313 808 527 861 Graecia
568 808 743 861 omnis
782 806 1146 860 admiratione
1184 807 1421 860 nominis
1455 807 1599 881 ejm,
1642 807 1802 862 simul

82 919 136 960 et
168 927 352 962 rerum
394 906 652 961 adversus
684 910 963 961 Romanos
984 909 1290 981 Poenosque
1324 918 1602 982 gestarum
1633 904 1807 982 gloria

84 1007 352 1075 attonita,
384 1005 681 1060 adventum
726 1006 844 1081 ejus
888 1007 1254 1081 exspectabat.
1295 1008 1543 1060 Primum
1579 1003 1658 1059 illi
1699 1003 1811 1059 bel-

85 1105 200 1160 lum
246 1105 508 1160 adversus
560 1108 860 1179 Spartanos
893 1105 1038 1158 fuit:
1075 1105 1169 1158 ubi
1222 1105 1428 1180 majore
1480 1103 1810 1173 mulierum,

87 1225 250 1278 quam
286 1205 556 1272 virorum,
594 1204 797 1257 virtute
823 1215 1105 1278 excethS,
1138 1203 1495 1258 Ptolemaeum
1525 1203 1727 1274 filium,
1760 1216 1813 1258 et

87 1304 355 1357 exercitus
388 1315 601 1378 partem
645 1302 1082 1357 robustissimam
1128 1304 1325 1357 amisit.
1369 1305 1592 1379 Quippe
1639 1325 1814 1380 oppu-

88 1403 278 1478 gnanti
317 1403 536 1471 urbem,
567 1402 635 1456 ad
664 1401 892 1457 tutelam
928 1404 1116 1477 patriae
1150 1415 1297 1457 tanta
1330 1402 1630 1458 multitudo
1657 1402 1813 1458 femi-

90 1522 287 1556 narum
325 1501 631 1569 concurrit,
662 1514 723 1555 ut
756 1490 868 1555 non
896 1500 1090 1555 fortius
1125 1503 1323 1570 victus,
1353 1524 1518 1577 quam
1555 1523 1814 1558 verecun-

91 1601 244 1671 dius,
284 1600 575 1654 recederet.
630 1603 803 1654 Porro
836 1599 1221 1669 Ptolemaeum,
1273 1600 1448 1654 filium
1491 1604 1636 1676 ejus,
1682 1603 1816 1657 adeo

92 1711 379 1753 strenuum
402 1710 456 1752 et
472 1719 639 1752 manu
670 1697 868 1753 fortem
899 1698 1063 1754 fuisse
1098 1699 1354 1769 tradunt,
1375 1713 1437 1753 ut
1465 1702 1659 1755 urbem
1684 1705 1820 1757 Cor-

92 1818 276 1873 cyram
311 1818 435 1851 cum
474 1798 753 1874 sexaginta
781 1798 1019 1873 ceperit,
1059 1797 1201 1852 idem
1236 1798 1427 1873 proelio
1455 1799 1635 1854 navali
1664 1802 1820 1875 quin-

92 1918 408 1973 queremem
439 1917 504 1950 ex
539 1897 740 1972 scapha
776 1917 900 1951 cum
924 1912 1130 1973 septem
1165 1897 1461 1966 insiluerit,
1495 1912 1820 1975 captamque

95 1996 359 2065 tenuerit3
403 1997 459 2050 in
498 1997 913 2072 oppugnatione
951 2017 1172 2071 quoque
1208 1999 1606 2072 Spartanorum
1648 2019 1821 2073 usque

96 2097 151 2149 in
192 2096 427 2150 mediam
478 2096 669 2150 urbem
721 2116 863 2170 equo
910 2097 1284 2171 procurrerit,
1327 2097 1509 2172 ibique
1551 2118 1820 2153 concursu

98 2194 466 2249 multitudinis
503 2195 820 2250 interfectus
839 2196 924 2249 sit.
953 2196 1124 2270 Cujus
1153 2217 1354 2272 corpus
1386 2212 1445 2250 ut
1469 2196 1703 2251 relatum
1732 2219 1821 2273 pa-

98 2296 165 2348 tri
209 2307 315 2364 est,
367 2294 563 2349 dixisse
620 2297 895 2370 Pyrrhum
950 2296 1160 2367 ferunt,
1224 2296 1549 2372 «aliquanto
1611 2297 1821 2352 tardius

97 2415 221 2449 eum
242 2438 256 2465 ,
286 2415 451 2469 quam
484 2395 729 2449 timuerit
761 2397 875 2471 ipse
895 2439 908 2466 ,
944 2396 1024 2450 vel
1057 2399 1333 2451 temeritas
1365 2398 1480 2472 ejus
1526 2399 1822 2469 meruerit,

100 2497 347 2549 occisum·
362 2515 492 2548 esse.
515 2519 539 2544 ))

178 2597 245 2648 V.
294 2592 569 2669 Repulsus
604 2614 632 2647 a
667 2595 976 2668 SpartaniS,
1011 2595 1255 2671 Pyrrhus
1290 2598 1464 2672 Argos
1504 2599 1641 2671 petit
1672 2621 1683 2650 :
1717 2599 1789 2651 ibi
1812 2641 1825 2667 ,

102 2693 234 2747 dum
269 2694 611 2768 Antigonum
649 2694 704 2745 in
744 2692 879 2746 urbe
914 2691 1163 2748 clausum
1205 2716 1521 2771 expugnare
1562 2710 1825 2760 conatur,

104 2795 247 2847 inter
293 2792 719 2847 confertissimos
775 2791 1161 2847 violentissime
1226 2794 1517 2865 dimicans,
1576 2816 1704 2850 saxo
1763 2797 1828 2849 de

107 2894 276 2946 muris
299 2893 438 2946 ictus
463 2890 744 2946 occiditur.
778 2892 960 2966 Caput
989 2893 1104 2966 ejus
1131 2894 1411 2969 Antigono
1440 2894 1705 2948 refertur:
1732 2898 1826 2969 qui

108 2992 336 3045 victoria
379 2993 564 3045 mitius
605 3011 759 3059 USUS,
799 2988 974 3045 filium
1023 2991 1138 3066 ejus
1179 2991 1476 3063 Helenum,
1532 3015 1654 3048 cum
1703 2996 1829 3069 Epi-

110 3092 242 3144 rotis
279 3090 378 3143 sibi
420 3090 688 3160 deditum,
731 3092 787 3143 in
834 3110 1062 3165 regnum
1101 3090 1335 3162 dimisit,
1374 3095 1531 3167 eique
1575 3093 1832 3168 insepulti

111 3191 281 3265 patris
298 3210 418 3243 ossa
445 3190 497 3242 in
535 3191 767 3264 patriam
796 3188 1081 3245 reserenda
1114 3190 1354 3245 tradidit.
1396 3192 1538 3245 Satis
1576 3206 1831 3248 constans

1544 3315 1592 3345 2.
