2248 3697
381 217 438 260 50
682 196 915 241 JUSTINI
949 195 1392 240 HISTORIARUM
1427 197 1543 240 ΠΒ.
1583 197 1776 240 xxxv.

385 321 504 355 rum
535 301 794 353 varietate
824 298 1178 371 pristinarum
1207 298 1450 352 sordium
1476 296 1703 366 oblitus,
1731 297 1897 351 totius
1924 293 2092 349 ferme

382 398 621 451 Orientis
669 397 876 449 viribus
924 397 1262 466 succinctUS,
1311 395 1517 450 bellum
1566 396 1850 449 Demetrio
1899 393 2092 460 infert,

382 498 694 570 victumque
727 497 837 549 vita
866 496 1072 570 pariter
1102 515 1163 548 ac
1194 515 1363 570 regno
1390 494 1602 570 spoliat.
1632 494 1968 566 Quanquam
1995 511 2094 544 nec

378 596 658 649 Demetrio
697 595 911 648 animus
946 595 1001 647 in
1040 592 1412 668 propulsando
1454 591 1597 646 bello
1633 591 1822 645 defuit.
1863 592 2006 644 Nam
2043 601 2091 642 et

379 694 557 768 primo
596 691 788 767 proelio
826 693 1038 746 hostem
1077 690 1314 765 fugavit,
1357 703 1411 743 et
1446 690 1664 764 regibus
1701 687 1905 742 bellum
1938 688 2093 741 resti-

376 792 690 858 tuentibUS,
730 789 899 843 multa
937 787 1107 842 millia
1147 789 1202 841 in
1239 788 1351 841 acie
1388 788 1597 841 cecidit.
1639 787 1723 842 Ad
1755 800 2095 862 postremum

381 903 558 945 tamen
599 890 801 943 invicto
844 889 1026 941 animo
1061 888 1201 939 inter
1236 884 1660 939 confertissimos
1693 885 1982 939 fortissime
2016 885 2096 939 di-

379 991 581 1043 micans
607 986 818 1041 cecidit.

455 1089 525 1141 II.
576 1087 738 1140 Initio
766 1084 894 1139 belli
925 1085 1265 1151 DemetriUS,
1297 1083 1432 1137 duos
1461 1082 1596 1136 filios
1625 1081 1768 1157 apud
1803 1083 2096 1152 Gnidium,

378 1187 645 1262 hospitem
679 1206 868 1251 suum,
910 1205 1036 1238 cum
1072 1204 1272 1260 magno
1316 1184 1435 1237 auri
1469 1181 1711 1256 pondere
1751 1183 2098 1237 commenda-

378 1297 553 1355 verat,
584 1299 645 1339 ut
675 1283 799 1338 belli
832 1282 1087 1359 periculis
1118 1285 1506 1350 eximerentur,
1536 1293 1614 1349 et,
1646 1282 1687 1334 si
1714 1282 1788 1334 ita
1815 1280 1924 1334 fors
1949 1281 2100 1336 tulis-

378 1398 482 1455 set,
524 1397 759 1459 paternae
802 1382 998 1437 ultioni
1039 1395 1399 1436 servarentur.
1443 1385 1525 1435 Ex
1567 1382 1651 1434 his
1689 1381 1863 1455 major
1903 1384 2100 1436 Deme-

377 1485 539 1551 trius,
570 1503 738 1537 annos
771 1483 1072 1556 pubertatis
1105 1500 1375 1555 egressus,
1403 1478 1590 1533 audita
1619 1478 1914 1534 Alexandri
1943 1480 2100 1534 luxu-

376 1587 485 1653 ria,
532 1603 694 1656 quem
741 1583 1028 1657 insperatae
1076 1600 1238 1655 opeS,
1285 1591 1335 1633 et
1381 1578 1567 1633 alienae
1617 1577 1891 1633 felicitatis
1938 1600 2091 1633 orna·

376 1694 586 1751 menta,
624 1680 774 1735 velut
821 1692 1042 1756 captum
1087 1680 1228 1733 inter
1272 1691 1580 1733 scortorum
1625 1698 1814 1754 greges
1859 1678 2098 1734 desidem

377 1783 430 1835 in
464 1782 612 1857 regia
643 1781 930 1850 tenebant,
968 1777 1357 1834 auxiliantibus
1391 1778 1778 1849 Cretensibus,
1809 1798 2061 1832 securum
2085 1823 2097 1847 ,

376 1902 437 1935 ac
492 1880 627 1935 nihil
678 1878 874 1934 hostile
926 1892 1264 1933 metuentem
1317 1877 1651 1954 aggreditur.
1701 1878 2098 1932 Antiochenses

375 2001 624 2055 quoque,
654 1991 893 2033 veterem
932 1980 1099 2054 patris
1137 1978 1403 2033 offensam
1441 1978 1595 2031 novis
1636 1977 1842 2031 meritis
1883 1998 2096 2032 correc-

379 2082 512 2149 turi,
543 2099 598 2133 se
623 2080 672 2133 ei
700 2078 926 2133 tradunt
949 2100 959 2132 ε
989 2078 1081 2133 sed
1105 2090 1157 2132 et
1180 2077 1378 2132 milites
1404 2077 1644 2151 paterni,
1673 2075 1858 2130 favore
1878 2078 2095 2152 juvenis

374 2180 611 2249 accensi,
645 2179 844 2255 prioris
874 2179 1197 2233 sacramenti
1225 2177 1544 2252 religionem
1575 2177 1703 2230 novi
1734 2177 1874 2251 regis
1907 2196 2097 2251 super-

373 2280 473 2333 biae
493 2279 859 2354 praeferentes,
888 2279 1040 2353 signa
1064 2277 1131 2331 ad
1155 2278 1499 2332 Demetrium
1528 2275 1867 2330 transferunt
1894 2296 1904 2329 :
1933 2287 2095 2350 atquc

375 2380 446 2432 ita
482 2377 788 2434 Alexander
824 2399 935 2433 non
977 2378 1177 2432 minori
1221 2378 1428 2453 impetu
1474 2376 1708 2430 fortunae
1751 2376 2099 2434 destructus,

374 2499 538 2552 quam
570 2478 768 2549 elatus,
794 2480 973 2555 primo
1005 2477 1197 2554 proelio
1227 2479 1428 2547 victus,
1457 2476 1812 2541 interficitur,
1837 2475 2097 2550 deditque

375 2598 558 2651 peenas
587 2589 638 2633 et
668 2579 973 2649 Demetrio,
1005 2599 1167 2654 quem
1199 2576 1498 2647 occiderat,
1530 2588 1583 2632 et
1610 2575 1907 2646 AntiocliO,
1939 2577 2094 2651 cujus

375 2679 634 2732 mentitus
666 2678 933 2754 originem
970 2678 1164 2733 fuerat.
