2315 3868
730 323 970 366 LIBRUM
1008 322 1227 366 XXXVI.
1759 325 1840 371 141

186 427 433 487 Septimum
487 430 671 471 diem....
717 426 979 468 Sabbatum.
1024 427 1093 468 De
1132 425 1218 468 hac
1267 424 1416 483 rigida
1460 428 1612 486 quie¹e
1654 426 1844 472 Sabbati

118 506 322 561 Judaici,
345 507 454 549 vide
485 504 686 548 Dionem
722 502 956 556 Cassium,
988 502 1212 545 Senecam
1245 502 1368 559 apud
1403 505 1732 561 Augusfinum,
1761 505 1848 546 Ju-

120 583 353 635 venzssem,
403 580 630 624 Rutilium
693 587 738 622 et
779 578 909 622 alios.
955 577 1096 621 Varia
1136 587 1289 622 autem
1335 579 1392 621 de
1432 580 1613 637 origine
1656 579 1850 624 Sabbati

119 659 529 702 comminiscuntur
562 655 783 700 Gentiles.
820 655 911 698 Alii
940 656 987 698 in
1022 656 1256 699 honorem
1291 657 1502 710 Saturni,
1527 657 1599 699 cui
1627 658 1848 715 septimus

118 735 216 779 dies
240 733 549 778 hebdomadis
567 748 694 776 sacer
724 741 816 786 est,
845 733 1037 786 volunt,
1065 741 1114 775 ut
1143 732 1382 775 Diodorus
1414 732 1652 775 Tarsensis
1687 734 1848 787 resert3

116 812 405 864 Plutarchus,
428 810 476 852 in
501 821 632 872 Συμπ,
648 849 657 866 ‚
681 809 729 851 in
746 810 979 852 honorem
1000 810 1191 864 Bacchi,
1219 810 1299 869 qui
1325 809 1471 853 dictus
1487 808 1663 852 Sabbos
1687 818 1731 853 et
1759 811 1848 852 Sa—

118 888 301 939 bazius,
336 890 550 941 Σαῧάζιςς,
579 902 603 928 a
629 890 756 943 σέὲω,
798 890 979 942 σεὲςίζω,
1008 887 1143 940 colo,
1174 902 1400 940 veneror,
1433 886 1608 940 adoro,
1643 885 1768 928 unde
1805 895 1850 927 et

118 969 240 1012 <5oech
267 964 340 1007 vel
366 968 598 1025 σαῧασμός,
625 978 761 1006 voces
791 962 1145 1018 Bacchantium,
1182 967 1321 1020 σαῧοῖ,
1350 964 1532 1007 Baccho
1560 962 1752 1020 initiati,
1782 993 1849 1017 cm-

118 1046 240 1097 Εἰςίζω,
284 1041 510 1094 bacchor,
555 1041 837 1084 Bacchantes
881 1040 1070 1094 imitor;
1116 1055 1213 1083 non
1254 1048 1408 1082 autem
1445 1057 1469 1082 a
1509 1041 1685 1096 Sabbo,
1721 1045 1849 1102 quod

121 1122 314 1174 βευὲῶνος
347 1125 462 1180 ἄλγος
497 1117 750 1177 AEgyptiis,
783 1126 832 1160 ut
864 1117 1025 1160 asserit
1057 1117 1256 1174 Appion.
1292 1118 1397 1159 Vox
1431 1118 1647 1162 hebraiCa
1670 1121 1847 1164 sabba-

117 1204 214 1236 tum
239 1194 338 1252 ipsa
356 1194 476 1237 forte
506 1194 667 1237 eadem
693 1201 760 1236 est
787 1208 886 1251 quae
903 1193 1073 1236 Graecis
1103 1196 1303 1254 ἑὲἃομάς,
1322 1196 1436 1247 -οίδος
1454 1233 1463 1250 ,
1496 1195 1555 1237 ab
1589 1204 1718 1254 ἑπτά,
1747 1213 1849 1255 sep-

116 1279 229 1324 tem3
264 1285 372 1313 nam
404 1285 491 1328 pro
527 1269 727 1326 septimo
763 1268 839 1311 die
871 1267 1183 1310 hebdomadis
1218 1277 1261 1310 et
1301 1284 1387 1326 pro
1422 1277 1520 1312 tota
1550 1271 1849 1316 hebdomade

113 1345 360 1403 accipitur;
392 1359 486 1402 quo
519 1359 655 1387 sensu
687 1343 946 1387 Pharisaeus
980 1344 1138 1398 Lucae,
1170 1358 1320 1398 xv111,
1374 1359 1427 1388 12
1457 1362 1464 1386 :
1496 1345 1661 1401 Jejuno
1694 1348 1761 1390 bis
1804 1350 1848 1391 in

116 1421 335 1463 Sabbato.

183 1498 254 1540 Ne
281 1513 383 1539 cum
409 1497 672 1556 peregrinis
705 1498 1104 1540 communicarent.
1142 1496 1259 1540 Inde
1295 1498 1500 1557 singulas
1543 1508 1703 1557 gentes
1738 1509 1847 1543 tan-

114 1590 254 1633 quam
282 1574 481 1618 eluviem
512 1582 651 1631 atque
683 1573 915 1616 sentinam
941 1574 1070 1616 orbis
1094 1589 1187 1632 prae
1212 1589 1294 1617 suo
1323 1576 1501 1634 populo
1520 1575 1848 1620 existimabant

112 1650 283 1704 Judaei,
318 1650 578 1708 eodemque
604 1649 716 1692 odio
745 1649 1021 1707 peregrinos
1057 1650 1322 1707 prosecuti,
1357 1659 1406 1694 ut
1438 1667 1599 1695 eorum
1633 1652 1846 1712 discipli—

112 1726 184 1769 nis
216 1727 366 1770 imbui
399 1726 633 1785 piaculare
662 1725 876 1768 habitum
907 1725 965 1768 sit
999 1725 1150 1781 nefas,
1182 1735 1347 1770 cuncta
1383 1727 1586 1787 denique
1626 1729 1846 1773 humani-

111 1802 218 1846 tatis
244 1801 398 1846 officia
429 1801 486 1845 iis
510 1802 789 1856 tribuerint,
826 1817 941 1860 quos
966 1802 1133 1861 religio
1164 1803 1324 1846 eadem
1354 1804 1660 1861 conjunxerat
1677 1839 1689 1860 ‚
1715 1816 1847 1851 caete-

109 1879 172 1921 ris
207 1877 556 1937 denegaverint.
591 1878 729 1922 Unde
755 1878 992 1923 Juvenalis
1017 1878 1137 1921 dixit
1163 1895 1173 1921 ε

430 1968 521 2005 Non
542 1974 758 2005 monstrare
782 1965 862 2005 vias
883 1966 1020 2005 eadem
1040 1966 1116 2005 nisi
1140 1980 1247 2006 sacra
1270 1967 1433 2015 colenti,

430 2035 647 2086 Quaesitum
667 2034 716 2073 ad
740 2034 889 2073 fontem
912 2035 1011 2074 solos
1033 2035 1224 2074 deducere
1243 2049 1395 2088 verpos.

108 2125 180 2168 Ab
203 2125 366 2168 iisdem
392 2124 591 2183 separati
616 2124 762 2183 epulis
778 2158 789 2180 ‚
819 2124 1006 2168 disereti
1030 2125 1283 2180 cubilibus,
1311 2134 1531 2185 tanquam
1554 2141 1844 2186 purgamen-

109 2210 206 2244 tum
238 2201 523 2260 alienigenas
557 2202 785 2246 vitabant.

175 2282 343 2322 Amas.
362 2281 454 2322 Pro
479 2282 666 2332 Aaron,
699 2279 779 2337 qui
802 2294 901 2322 non
919 2287 1015 2323 erat
1039 2277 1160 2322 filius
1190 2279 1393 2338 Moysis,
1418 2280 1501 2324 sed
1522 2280 1663 2325 frater
1697 2279 1844 2342 (Vide

108 2356 256 2399 Exod.
273 2389 284 2409 ,
311 2371 377 2409 lv,
409 2355 510 2414 14),
535 2365 579 2399 et
605 2356 819 2414 pontifex
839 2356 1092 2411 maximus,
1123 2371 1221 2399 non
1246 2365 1401 2399 autem
1425 2372 1507 2400 rex
1523 2391 1534 2411 ‚
1560 2359 1723 2402 saltem
1745 2373 1842 2401 non

108 2433 329 2487 nomine,
358 2447 414 2475 ex
440 2432 579 2475 sacris
612 2432 799 2486 Bibliis,
825 2448 1114 2491 quanquam,
1141 2433 1316 2492 optime
1344 2433 1407 2476 ait
1441 2435 1497 2477 D.
1522 2435 1757 2490 Lemaire,
1790 2443 1842 2478 ut

108 2507 160 2551 fit
194 2509 242 2551 in
276 2509 505 2567 ejusmodi
535 2510 878 2564 sacerdotibus,
913 2510 1074 2568 saepius
1105 2510 1307 2567 majore,
1340 2525 1477 2569 quam
1504 2511 1654 2570 regia,
1678 2521 1841 2570 potes-

107 2594 199 2629 tate
244 2602 253 2628 :
300 2585 460 2630 confer
498 2601 662 2641 xvu1,
710 2593 752 2638 4.
789 2607 807 2625 r<
842 2588 1075 2645 Tempore
1114 2588 1518 2631 Macchabaeorum
1551 2588 1706 2647 primo
1739 2587 1839 2634 fieri

108 2662 269 2720 coepit,
304 2662 367 2705 ait
400 2663 589 2721 Joseph.
607 2696 619 2717 ,
641 2666 751 2706 Ant.
778 2663 910 2714 sud„
942 2678 1040 2706 x111
1059 2697 1070 2714 ‚
1111 2679 1166 2722 19
1185 2696 1197 2718 ,
1227 2672 1274 2707 ut
1299 2663 1489 2722 quidam
1516 2665 1750 2725 principes
1770 2663 1839 2709 si-

105 2739 201 2780 mul
251 2747 294 2781 et
328 2737 574 2796 pontifices
614 2748 787 2792 essent,
830 2739 1084 2796 praesertim
1124 2738 1388 2798 principatu
1426 2739 1714 2797 Aristobuli,
1761 2741 1840 2801 qui

108 2813 284 2870 primus
316 2814 631 2873 principatum
670 2830 851 2858 summo
892 2814 1187 2874 pontificatui
1228 2816 1498 2873 conjunxit,
1544 2827 1588 2861 et
1625 2818 1838 2863 diadema

107 2887 198 2930 sibi
221 2889 460 2947 imposuit.
498 2911 516 2929 »
552 2892 624 2934 Ita
657 2900 700 2934 et
736 2891 858 2949 apud
890 2891 1111 2935 Gentiles.
1145 2892 1335 2951 Virgil.,
1380 2894 1589 2947 AEneid.‚
1627 2910 1716 2949 111,
1752 2892 1836 2951 80,

108 2964 155 3006 in
192 2966 314 3009 Delo
341 2966 491 3010 insula
511 3000 523 3021 ‚

358 3064 441 3100 Rex
465 3063 612 3111 Anius,
631 3078 700 3103 rex
718 3064 825 3103 idem
850 3063 1047 3102 hominum
1069 3063 1282 3121 Phoebique
1301 3066 1504 3107 sacerdos.

101 3158 197 3202 Ubi
225 3160 411 3204 Servius
440 3178 449 3203 :
487 3163 721 3218 Majorum
755 3175 854 3208 emt
883 3164 987 3207 lzoec
1019 3168 1323 3221 consuetudo,
1357 3178 1406 3211 ut
1430 3183 1514 3212 rea:
1546 3169 1688 3212 etiam
1716 3179 1838 3213 esset

102 3237 318 3279 sacerdos
360 3239 440 3279 vel
457 3239 690 3297 pontg'fex.
729 3240 850 3285 Hinc
886 3241 1051 3285 domus
1096 3241 1144 3284 in
1190 3259 1278 3301 qua
1324 3244 1537 3302 pontifex
1570 3243 1835 3301 habitabat,

105 3312 230 3369 regia
258 3311 512 3356 dicebatur.
