2248 3697
578 247 1021 293 HISTORIARQ‘M
1053 246 1165 286 LIB.
1201 245 1369 286 XXIV.
1785 255 1827 279 11

121 359 218 412 sub
251 355 563 412 Alexandro
590 373 715 427 rege
752 349 1056 424 stipendia,
1096 358 1209 399 toto
1246 347 1377 398 orbe
1422 357 1690 398 terrarum
1725 344 1835 394 vic-

120 455 292 527 tores,
332 454 617 508 fecerint.»
648 453 785 521 Quae
827 449 921 502 ubi
955 446 1202 500 dardano
1239 445 1352 517 regi
1390 445 1644 496 nuntiata
1686 454 1836 509 sunt,

118 554 425 629 «inclytum
457 549 592 605 illud
614 549 949 603 Macedoniae
982 565 1211 621 regnum
1241 543 1422 611 brevi,
1455 543 1730 595 immaturi
1752 542 1838 616 ju-

118 654 268 707 venis
304 651 638 717 temeritate,
675 668 975 702 casurum»
1005 645 1158 700 dixit..

197 753 264 806 V.
298 752 475 826 Igitur
511 746 690 817 Galli,
727 746 867 801 duce
903 745 1119 822 Belgio,
1146 745 1213 799 ad
1254 742 1543 798 tentandos
1578 741 1840 795 Macedo-

117 873 249 906 num
282 851 522 917 animos,
560 847 766 920 legatos
789 845 856 900 ad
888 843 1243 900 Ptolemaeum
1268 844 1520 911 mittunt,
1552 841 1841 894 offerentes

116 971 334 1026 pacem,
373 950 415 1003 si
446 968 624 1002 emere
655 946 789 1001 velit
820 968 832 1000 ε
867 945 958 1000 sed
985 943 1313 999 Ptolemaeus
1343 944 1486 996 inter
1527 963 1677 1008 suos,
1715 939 1840 994 belli

115 1065 265 1106 metu
314 1069 505 1123 pacem
542 1047 732 1103 Gallos
777 1060 989 1121 petere,
1042 1043 1304 1120 gloriatus
1355 1055 1450 1098 est.
1500 1044 1615 1098 Nec
1665 1043 1843 1095 minus

116 1150 372 1204 ferociter
407 1169 462 1203 se
496 1147 718 1222 legatiS,
752 1165 917 1219 quam
960 1146 1103 1199 inter
1146 1144 1348 1198 amicos
1381 1145 1639 1218 jactavit,
1685 1140 1844 1195 aliter

117 1270 170 1301 se
206 1268 398 1323 pacem
432 1246 692 1300 daturum
723 1243 1001 1321 negandO,
1032 1244 1133 1298 nisi
1164 1244 1442 1318 principes
1472 1264 1596 1297 suos
1627 1241 1844 1297 obsides

116 1346 394 1417 dederint,
443 1358 495 1399 et
553 1365 705 1399 arma
760 1343 1086 1398 tradiderint
1130 1366 1140 1396 ;
1188 1363 1300 1397 non
1348 1343 1491 1397 enim
1546 1341 1711 1395 fidem
1761 1363 1843 1411 se,

118 1447 219 1499 nisi
251 1445 577 1514 inermibus,
612 1444 948 1497 habiturum.
978 1443 1316 1497 Renuntiata
1347 1441 1646 1518 legatione,
1679 1444 1844 1496 risere

118 1543 290 1613 Galli,
336 1542 581 1617 undique
626 1541 1010 1610 acclamantes,
1056 1542 1210 1594 brevi
1261 1562 1578 1608 sensurum,
1621 1543 1722 1595 sibi
1775 1561 1842 1594 an

120 1643 197 1696 illi
249 1643 628 1712 consulenteS,
679 1661 868 1716 pacem
904 1639 1221 1694 obtulerint.
1271 1642 1580 1715 Intcrjectis
1622 1641 1840 1708 diebus,

120 1742 376 1818 proelium
400 1742 736 1812 conseritur,
764 1741 1006 1814 'victique
1031 1739 1361 1795 Macedones
1390 1740 1693 1794 caeduntur.
1721 1743 1848 1794 Pto-

122 1842 338 1896 lemaeus
372 1840 562 1896 multis
608 1839 928 1895 vulneribus
966 1840 1181 1894 saucius
1227 1840 1468 1914 capitur3
1518 1851 1682 1914 caput
1731 1840 1845 1914 ejus

122 1954 494 2018 amputatum,
527 1953 581 1995 et
616 1939 805 1995 lancea
825 1940 1022 2009 fixum,
1050 1952 1164 1995 tota
1189 1941 1302 1994 acie
1334 1940 1402 1994 ad
1433 1952 1698 1995 terrorem
1725 1940 1847 1995 hos-

125 2042 261 2095 tium
292 2041 693 2096 circumfertur.
730 2043 940 2095 Paucos
975 2061 1039 2093 ex
1069 2039 1467 2093 Macedonibus
1505 2040 1633 2116 fuga
1665 2062 1845 2094 serva-

122 2142 201 2194 vit
235 2162 246 2194 :
288 2141 452 2194 ceteri
499 2152 595 2194 aut
637 2140 809 2214 capti,
842 2152 934 2194 aut
980 2139 1161 2193 occisi.
1203 2142 1330 2194 Haec
1373 2160 1544 2214 quum
1595 2141 1846 2194 nuntiata

124 2261 220 2314 per
245 2260 462 2293 omnem
484 2240 867 2294 Macedoniam
896 2251 1078 2294 essent
1097 2284 1110 2309 ,
1134 2252 1306 2314 portae
1338 2240 1555 2293 urbium
1578 2238 1845 2293 claudun-

125 2351 240 2407 tur3
277 2337 429 2393 luctu
461 2339 645 2392 omnia
664 2337 982 2414 replentur:
1015 2359 1164 2392 nunc
1193 2339 1483 2392 orbitatem
1517 2340 1844 2392 amissorum

125 2437 362 2492 filiorum
383 2436 672 2492 dolebant:
692 2459 840 2492 nunc
856 2439 1065 2492 excidia
1088 2440 1307 2492 urbium
1330 2439 1648 2493 metuebant
1669 2461 1679 2492 :
1700 2459 1847 2492 nunc

128 2535 791 2613 AlexandriPhilippique
825 2556 1013 2612 regum
1049 2557 1271 2592 suorum
1295 2539 1719 2608 nomina,sicuti
1745 2559 1848 2591 nu-

127 2637 302 2706 mina,
319 2638 374 2690 in
391 2635 656 2690 auxilium
674 2637 958 2690 vocabant.
981 2637 1130 2691 «Sub
1155 2635 1259 2690 illis
1279 2658 1332 2691 se
1348 2658 1458 2691 non
1476 2636 1653 2691 solum
1679 2650 1844 2705 tutos,

127 2756 316 2790 verum
335 2737 499 2791 etiam
516 2736 750 2789 victores
766 2736 912 2790 orbis
948 2748 1217 2789 terrarum
1236 2738 1520 2790 exstitisse.
1534 2739 1611 2791 Ut
1633 2749 1850 2790 tueren-

127 2846 218 2888 tur
230 2836 465 2911 patriam
480 2856 653 2905 suam,
667 2855 829 2909 quam
846 2833 1018 2910 gloria
1031 2856 1214 2888 rerum
1231 2848 1506 2909 gestarum
1527 2834 1661 2891 coelo
1674 2837 1852 2909 proxi-

130 2953 275 2987 mam
295 2933 682 3002 reddidissent,
715 2946 779 2987 ut
810 2954 973 3008 opem
1007 2933 1225 2987 afflictis
1261 2933 1495 3004 ferrent,
1532 2955 1667 3008 quos
1696 2934 1850 2987 furor

128 3043 181 3084 et
210 3033 484 3086 temeritas
524 3031 802 3086 Ptolemaei
838 3035 979 3108 regis
1013 3032 1370 3108 perdidisset,
1392 3059 1416 3084 >³
1456 3035 1705 3088 orabant.
1736 3037 1847 3088 De-

130 3130 474 3204 sperantibus
516 3132 797 3199 omnibus,
836 3154 947 3186 non
994 3136 1132 3187 votis
1175 3133 1444 3187 aoendum
1469 3178 1481 3202 ,
1531 3133 1849 3198 Sosthenes,

1208 3176 1237 3208 v

131 3249 272 3282 unus
308 3228 372 3281 dc
415 3230 783 3285 Macedonum
824 3234 1186 3308 principibus,
1235 3246 1414 3300 ratus,
1451 3244 1726 3287 contracta
1763 3234 1850 3307 ju-
