2315 3868
418 382 425 393 Ι
430 381 449 393 ’ζ
454 380 491 394 W
497 378 567 394 Lm
571 378 737 393 [MK-'mvl
742 375 910 391 ὐιΊΛΝΙῑνΙᾹ
914 375 1028 390 ww
1037 371 1284 390 mmtmtwvzn
1290 369 1892 387 vvvxmnvvvwwmuumwwwvx
1897 370 2126 386 mmmm

985 646 1303 715 LIBER
1359 646 1557 714 XLI.

415 1174 454 1224 I.
503 1126 773 1240 PARTffl,
809 1191 972 1246 penes
1004 1192 1164 1247 quos,
1201 1168 1349 1224 velut
1384 1168 1651 1223 divisione
1685 1168 1831 1221 orbis
1866 1188 1992 1221 cum
2021 1171 2126 1222 Ro-

415 1272 588 1324 manis
629 1270 801 1341 facta,
848 1292 994 1324 nunc
1034 1271 1276 1325 Orientis
1319 1270 1609 1344 imperium
1653 1280 1762 1337 est,
1812 1267 2136 1341 Scytharum

416 1368 624 1423 exsules
666 1370 831 1424 fuere.
876 1373 993 1423 Hoc
1035 1371 1195 1423 etiam
1236 1369 1477 1443 ipsorum
1523 1365 1790 1422 vocabulo
1832 1367 2139 1421 manifesta-

419 1481 531 1535 tur3
567 1489 692 1522 nam
727 1470 977 1543 Scythico
1011 1488 1258 1522 sermone
1292 1467 1479 1520 Parthi
1513 1465 1721 1519 exsules
1759 1466 2034 1520 dicuntur.
2070 1467 2137 1519 Hi

418 1579 469 1620 et
510 1569 857 1641 Assyriorum
893 1579 945 1619 et
980 1566 1275 1620 Medorum
1316 1565 1681 1639 temporibus,
1723 1565 1864 1617 inter
1900 1566 2142 1618 Orientis

419 1664 650 1741 populos
684 1666 1054 1719 obscurissimi
1086 1665 1252 1718 fuere.
1286 1668 1479 1719 Postea
1511 1684 1731 1738 quoque
1766 1683 1937 1738 quum
1972 1664 2142 1738 impe-

423 1766 564 1818 rium
598 1765 838 1820 Orientis
875 1786 905 1818 a
938 1764 1115 1818 Medis
1148 1764 1215 1817 ad
1247 1767 1436 1817 Persas
1474 1761 1799 1817 translatum
1838 1767 1946 1832 est,
1979 1761 2143 1816 veluti

423 1862 619 1939 vulgus
662 1865 775 1917 sine
819 1864 1074 1933 nomine,
1115 1861 1296 1937 praeda
1338 1863 1614 1917 victorum
1656 1861 1821 1915 fuere.
1863 1865 2145 1916 Postremo

425 1962 854 2029 Macedonibus,
890 1963 1226 2036 triumphato
1270 1962 1527 2027 Oriente,
1563 1962 1895 2028 servierunt,
1933 1973 1991 2015 ut
2036 1963 2147 2014 cui-

426 2065 505 2116 vis
545 2064 746 2116 mirum
779 2062 1058 2131 videatur,
1095 2060 1163 2114 ad
1199 2073 1406 2114 tantam
1443 2081 1532 2114 eos
1572 2058 1880 2114 felicitatem
1920 2081 2147 2134 provec-

426 2175 540 2232 tos,
576 2175 635 2215 ut
669 2164 939 2236 imperent
971 2162 1253 2235 gentibus,
1291 2161 1389 2214 sub
1423 2181 1655 2233 quarum
1691 2161 1949 2234 imperio,
1982 2160 2149 2214 veluti

428 2261 617 2317 servile
653 2260 877 2336 vulguS,
912 2261 1079 2314 fuere.
1118 2264 1165 2315 A
1195 2261 1457 2315 Romanis
1493 2280 1740 2334 quoque,
1775 2261 1930 2314 trinis
1967 2259 2150 2329 bellis,

427 2383 523 2437 per
557 2362 821 2415 maximos
857 2359 1018 2414 duces
1039 2403 1052 2427 ,
1086 2360 1480 2414 florentissimis
1519 2359 1856 2434 temporibus
1891 2358 2149 2428 lacessiti,

430 2460 529 2514 soli
558 2482 619 2514 ex
648 2460 900 2513 omnibus
931 2461 1182 2534 gentibus
1212 2480 1323 2513 non
1352 2479 1507 2534 pares
1539 2457 1739 2523 solum,
1772 2480 1959 2513 verum
1991 2461 2151 2512 etiam

430 2563 662 2614 victores
695 2560 843 2613 fuere
870 2582 879 2613 :
909 2580 1225 2634 quanquam
1261 2558 1382 2634 plus
1424 2557 1606 2634 gloriae
1637 2559 1730 2626 sit,
1761 2559 1903 2611 inter
1933 2561 2154 2633 Assyria

433 2673 485 2714 et
528 2660 741 2713 Medica
779 2661 1131 2733 Persicaque,
1170 2671 1471 2712 memorata
1513 2657 1642 2711 olim
1684 2678 1881 2732 regna,
1924 2670 1976 2711 et
2019 2680 2153 2732 opu-

434 2758 796 2812 lentissimum
833 2757 970 2812 illud
1007 2757 1152 2811 mille
1191 2759 1409 2812 urbium
1445 2759 1794 2812 Bactrianum
1833 2758 2153 2831 imperium,

435 2878 711 2933 emergere
748 2858 1017 2932 potuisse,
1052 2877 1217 2932 quam
1260 2856 1558 2932 longinqua
1597 2854 1737 2909 bella
1771 2856 1991 2927 vicisse,
2020 2877 2156 2930 prae-

438 2970 584 3011 terea
609 2978 777 3031 quum
807 2957 1061 3032 gravibus
1092 2956 1382 3030 Scythicis,
1411 2969 1464 3009 et
1495 2952 1813 3008 vicinalibus
1850 2953 2004 3008 bellis
2029 2957 2156 3009 assi·

440 3057 544 3110 due
574 3058 777 3121 vexati,
803 3057 964 3110 variis
996 3055 1367 3130 periculorum
1396 3054 1781 3108 certaminibus
1813 3067 2154 3128 urgerentur.

441 3158 510 3209 Hi
545 3156 851 3210 domesticis
884 3155 1239 3209 seditionibus
1275 3155 1491 3229 Scythia
1526 3151 1693 3227 pulsi,
1729 3152 2046 3208 solitudines
2079 3155 2160 3207 in-

445 3266 523 3307 ter
563 3255 925 3329 Hyrcaniam,
966 3267 1017 3308 et.
1057 3254 1276 3322 Dahas,
1318 3265 1370 3306 et
1413 3257 1615 3318 Areos,
1655 3264 1708 3306 et
1747 3255 2073 3326 Spartanos,
2111 3266 2158 3306 et

446 3354 758 3426 Margianos
793 3353 979 3406 furtim
1012 3373 1364 3428 occupavere.
1402 3352 1557 3404 Fines
1595 3351 1813 3422 deinde,
1847 3372 1958 3405 non
1994 3353 2161 3405 inter-
