2315 3868
425 350 516 379 222
896 332 1090 376 TROGI
1127 332 1383 376 POMPEII
1416 332 1677 376 OPERUM

422 433 633 484 Leucea
663 446 726 480 ac
763 425 1081 494 Pausania*,
1123 427 1178 479 in
1211 447 1308 480 suo
1342 424 1574 500 tempIO,
1595 426 1705 479 sive
1731 426 1786 478 in
1816 425 1927 478 aede
1951 426 2141 479 Dianae

421 549 451 580 a
486 525 721 600 quadam
754 524 1007 596 muliere,
1038 528 1220 601 Trogo
1241 568 1254 595 ,
1294 524 1548 580 Sallustio
1583 537 1635 578 et
1663 525 1924 578 Luccio...

549 645 789 690 Pei-tinent
811 646 907 690 haec
931 646 990 689 ad
1013 646 1272 700 Justinum,
1302 660 1395 688 xxv
1411 679 1424 700 ‚
1459 662 1496 688 c.
1529 643 1571 688 5.

501 750 721 805 Servius
752 750 821 804 ad
854 749 1082 824 Virgil.,
1119 749 1377 815 AEneicl.‚
1418 769 1509 817 111,
1550 748 1674 804 108.

497 852 582 904 De
611 850 928 925 parentibus
960 849 1074 923 ejus
1112 848 1382 922 (Teucri)
1422 847 1712 923 dupliciter
1751 848 1986 902 traditur
2015 869 2024 902 :
2052 847 2144 902 alii

419 951 565 1005 enim
598 951 813 1006 Curetis
848 961 901 1003 et
939 948 1092 1003 Idaeae
1123 947 1418 1023 Nymphae,
1448 947 1564 1015 alii,
1600 949 1741 1001 inter
1770 968 1906 1021 quos
1931 960 1983 1002 et
2011 951 2144 1002 Tro-

419 1070 547 1125 gUS,
580 1048 900 1105 Scamandri
936 1047 1109 1103 filium
1148 1047 1389 1101 tradunt.
1429 1048 1541 1117 Qui
1576 1046 1935 1115 Scamander,
1973 1067 2144 1120 quum

419 1152 584 1205 Creta
613 1150 833 1224 frugum
879 1149 1065 1223 inopia
1102 1147 1398 1217 laboraret,
1433 1167 1556 1200 cum
1581 1159 1734 1221 parte
1772 1148 1928 1200 tertia
1957 1145 2145 1221 populi

418 1249 489 1304 ad
541 1261 748 1304 exteras
793 1247 942 1302 sedes
974 1246 1294 1322 quaerendas
1321 1245 1596 1321 profectus
1643 1258 1743 1315 est,
1789 1246 1856 1298 ab
1895 1244 2148 1319 Apolline

419 1349 662 1404 monitus
687 1369 697 1401 ε
723 1348 798 1402 ibi
825 1368 949 1402 eum
978 1347 1297 1400 habiturum
1328 1346 1477 1400 sedes
1499 1388 1512 1414 ,
1541 1346 1634 1399 ubi
1670 1357 1839 1399 noctu
1864 1365 1895 1398 a
1930 1346 2149 1418 terrige-

421 1449 506 1503 nis
530 1459 880 1524 oppugnatus
899 1457 1062 1515 esset,
1091 1466 1262 1519 quum
1294 1445 1363 1497 ad
1392 1445 1685 1518 Phrygiam
1716 1447 1952 1498 venisset
1975 1456 2028 1498 et
2057 1465 2147 1498 ca-

420 1560 532 1602 stra
557 1548 850 1623 posuisset,
883 1556 1049 1599 noctu
1080 1565 1261 1598 mures
1289 1564 1517 1597 arcuum
1545 1563 1739 1596 nervos
1769 1555 1821 1596 et
1849 1542 2151 1598 loramenta

420 1668 699 1702 armorum
721 1647 1063 1701 adroserunt.
1084 1644 1417 1699 Scamander
1438 1643 1538 1697 hos
1556 1644 1943 1717 interpretatus
1969 1642 2150 1697 hostes

421 1769 534 1803 esse
569 1748 893 1822 terrigenaS,
925 1748 981 1800 in
1015 1745 1124 1800 Idae
1159 1746 1362 1799 montis
1398 1743 1674 1797 radicibus
1716 1742 1943 1796 aedificia
1987 1742 2151 1798 collo-

421 1849 580 1903 cavit.
610 1847 723 1918 Qui
753 1867 924 1921 quum
953 1845 1211 1899 adversus
1239 1844 1505 1918 Bebrycas
1526 1842 1786 1895 finitimos
1816 1841 2018 1895 bellum
2054 1861 2147 1916 ge·

423 1959 597 2017 reret,
629 1948 807 2001 victor
835 1947 890 1998 in
924 1945 1147 1998 Xantho
1178 1944 1402 1997 flumine
1433 1942 1613 2017 lapsus
1648 1963 1760 1994 non
1791 1943 2097 2016 comparuit
2137 1963 2147 1994 :

425 2047 519 2120 qui
551 2057 676 2120 post
708 2066 739 2099 a
771 2044 1121 2100 Cretensibus
1156 2046 1212 2097 in
1239 2043 1508 2097 honorem
1539 2043 1678 2116 regis
1710 2043 1792 2095 sui
1819 2041 2152 2096 Scamander

422 2144 725 2221 appellatus
769 2157 870 2214 est,
909 2144 1131 2219 filioque
1174 2144 1288 2218 ejus
1328 2147 1538 2198 Teucro
1578 2162 1807 2216 regnum
1854 2141 2149 2208 traditum,

424 2248 519 2321 qui
551 2248 693 2301 cives
738 2267 766 2300 e
800 2266 897 2300 suo
945 2246 1166 2299 nomine
1199 2247 1438 2299 Teucros
1475 2242 1792 2319 appellavit3
1839 2243 1932 2315 qui
1966 2254 2091 2317 post
2122 2262 2154 2294 a

423 2366 547 2420 rege
583 2348 729 2399 Troo
773 2345 893 2419 (vel
938 2345 1108 2420 Troe)
1152 2345 1376 2418 Trojani
1422 2343 1553 2396 dicti
1597 2353 1755 2410 sunt,
1788 2353 1840 2394 et
1889 2339 2151 2415 templum

425 2445 664 2521 Apollini
695 2447 1009 2515 constituit,
1038 2466 1199 2520 quem
1230 2445 1561 2497 Sminthium
1587 2440 1895 2517 appellavit.
1918 2443 2148 2495 Creten-

426 2567 504 2601 ses
535 2548 680 2601 enim
710 2567 919 2601 murem
948 2545 1307 2601 Sminthicem
1339 2544 1547 2598 dicunt.

555 2669 714 2712 Sumta
744 2669 839 2711 haec
871 2676 977 2711 sunt
1000 2682 1056 2711 ex
1085 2667 1208 2710 libro
1246 2682 1362 2710 xx1x
1396 2666 1554 2724 Trogi.
1588 2664 1709 2707 Vide
1740 2664 1987 2721 Prologum
2017 2674 2149 2702 xxix.

507 2773 726 2826 Servius
755 2771 824 2826 ad
857 2771 1053 2846 Virgil.
1074 2814 1088 2841 ,
1119 2771 1348 2827 AEtzezd.
1364 2814 1379 2838 ,
1414 2790 1492 2837 lv,
1521 2768 1612 2845 37.

502 2870 711 2925 Plinius
729 2884 909 2925 autem
928 2871 1166 2925 secundo
1184 2870 1457 2928 Hz'storz'ce
1482 2866 1761 2922 naturalis
1786 2876 1838 2918 et
1855 2862 2146 2936 Pompeius

429 2972 639 3044 Trogus
686 2970 847 3026 Afros
897 2971 1089 3025 dicunt
1125 2970 1383 3045 pompam
1428 2967 1689 3042 triumphi
1748 2963 1950 3037 primos
2004 2962 2151 3013 inve-

430 3071 602 3140 nisse,
633 3092 796 3145 quam
827 3073 928 3126 sibi
960 3073 1196 3127 Romani
1226 3082 1414 3146 postea
1447 3068 1884 3122 vindicaverunt.

511 3170 879 3245 Pliilargyrius
912 3173 963 3225 in
999 3170 1219 3244 virgil„
1261 3173 1486 3242 Georg„
1525 3186 1608 3234 lv,
1644 3161 1773 3239 387.

491 3340 507 3356 '¹
529 3344 573 3378 In
594 3343 755 3390 Atticis,
789 3358 820 3381 c.
844 3346 879 3382 5.
