2315 3868
668 373 996 419 HISTORIAS
1031 373 1422 418 PHILIPPICAS.
1818 389 1876 417 20
1888 391 1904 417 1

253 472 456 532 Insignis
491 473 566 515 hic
591 488 756 515 annus.
782 471 862 514 Est
886 485 927 513 a.
963 470 1020 512 U.
1046 470 1097 513 C.
1125 469 1218 529 569
1243 473 1314 514 vel
1341 487 1380 515 a.
1405 473 1455 515 C.
1480 473 1538 516 N.
1569 473 1657 517 183
1685 490 1695 517 :
1722 473 1780 516 de
1811 489 1906 532 quo

185 548 343 592 Livius
378 563 566 607 quoque
603 549 693 591 loc.
725 547 802 590 cit.
827 561 839 589 ε
865 566 883 585 «
919 546 991 589 Ab
1029 547 1335 605 scriptoribus
1367 564 1519 592 rerum
1545 550 1703 607 graecis
1731 551 1908 596 latinis-

187 641 324 684 que...
349 624 674 684 quibusdam...
708 622 945 666 memoriae
970 623 1239 667 mandatum
1280 633 1347 667 est
1383 634 1475 668 tres
1514 626 1791 670 clarissimos
1822 628 1908 671 irn-

185 709 423 760 peratores
476 715 532 743 eo
593 713 719 742 anno
773 698 1047 754 decessisse,
1111 700 1509 758 Philopoemenem
1529 736 1541 756 ‚
1592 703 1875 747 Annibalem
1893 739 1905 759 ‚

184 778 321 821 Publ.
345 775 668 834 Scipionem.»
705 776 776 818 De
808 790 932 819 anno
971 784 1128 819 tamen
1160 776 1406 820 Annibalis
1441 786 1620 821 veteres
1654 778 1905 824 dissentie—

185 855 323 908 bant,
355 868 554 911 quorum
574 852 861 896 narrationes
894 854 1183 911 collegerunt
1207 852 1484 912 interpretes
1509 853 1568 897 ad
1591 854 1778 898 Cornel.
1804 857 1905 900 Ne-

184 939 373 989 potem,
406 930 516 972 Vita
549 930 824 982 Annibalis,
853 945 890 972 c.
932 930 1002 973 13.

707 1078 780 1120 IN
814 1077 1093 1120 LIBRUM
1127 1078 1383 1122 XXXIII.

248 1227 303 1268 In
328 1225 415 1268 hac
438 1223 544 1268 finis
570 1224 704 1284 regni
738 1224 1029 1268 macedonici
1065 1223 1467 1284 certaminumque
1503 1240 1759 1285 graecorum
1789 1242 1905 1272 nar-

181 1302 362 1346 ratione
400 1301 628 1359 Pompeio
656 1300 877 1359 Polybius
904 1299 1200 1358 gravissimus
1233 1315 1329 1344 esse
1357 1310 1523 1345 auctor
1559 1302 1789 1359 debebat,
1822 1305 1904 1347 sed

182 1378 240 1422 de
264 1379 336 1421 his
361 1376 654 1435 temporibus
679 1385 773 1417 tam
804 1390 952 1433 pauca
975 1376 1072 1432 ejus
1096 1384 1275 1420 servata
1301 1377 1517 1435 leguntur
1533 1411 1544 1433 ,
1570 1387 1623 1421 ut
1645 1379 1724 1423 vix
1755 1380 1906 1438 possis

176 1454 405 1511 judicium
429 1453 565 1496 ferre.
595 1453 918 1496 Romanorum
942 1452 1117 1495 bellum
1141 1468 1249 1496 cum
1286 1454 1711 1515 Pseudo-Philippo
1751 1457 1907 1501 omisit

182 1530 404 1573 Justinus.

250 1607 356 1649 CAP.
388 1607 425 1648 Ι.
450 1605 675 1665 Legiones
688 1607 853 1664 plures
876 1622 1076 1650 numero.
1102 1627 1121 1647 «
1143 1606 1251 1650 Non
1275 1608 1430 1665 plures
1447 1623 1644 1652 numero
1669 1609 1902 1668 legiones,

183 1683 264 1726 sed
297 1690 494 1741 quatuor
517 1690 699 1725 tantum
717 1682 1089 1741 conscripserant
1114 1683 1340 1738 Romani,
1372 1700 1615 1729 numerum
1639 1701 1752 1729 vero
1784 1686 1906 1729 mili-

182 1768 281 1802 tum
304 1758 351 1801 in
377 1758 569 1817 singulis
600 1757 867 1824 legionibus
896 1768 1136 1803 auxerant.
1159 1761 1280 1804 Nam
1313 1776 1457 1819 quum
1484 1760 1608 1805 5200
1634 1762 1814 1820 pedites
1850 1778 1905 1807 ex

183 1835 330 1879 veteri
354 1834 567 1877 instituto
599 1834 755 1892 legere
780 1835 1006 1890 solerent,
1032 1835 1078 1879 in
1105 1836 1185 1880 has
1212 1836 1447 1896 legiones,
1473 1838 1530 1881 de
1554 1838 1720 1896 quibus
1750 1848 1907 1882 narrat

183 1910 415 1966 Justinus,
433 1925 544 1954 sena
559 1909 705 1953 millia
720 1910 931 1969 peditum
949 1912 1267 1970 conscripsere
1280 1946 1292 1967 ,
1310 1922 1359 1956 ut
1376 1928 1434 1957 ex
1450 1913 1585 1956 Livio
1598 1947 1609 1968 ,
1626 1929 1731 1957 xm
1746 1948 1757 1968 ,
1776 1931 1812 1958 c.
1830 1915 1855 1959 3
1868 1931 1906 1970 1,

182 1987 374 2031 tradidit
397 1987 666 2031 Perizonius
692 1987 740 2029 in
757 1988 1081 2031 Animadvers.
1106 1988 1338 2032 historicis
1354 1986 1426 2051 (p.
1447 2005 1530 2049 79,
1550 1990 1624 2033 ed.
1650 1991 1907 2052 Harless.),

183 2064 265 2122 qui
296 2064 548 2108 oscitantiae
570 2065 681 2107 hinc
714 2073 893 2108 accusat
924 2064 1175 2108 Justinum.
1201 2066 1392 2109 Mallem
1424 2066 1516 2109 hoc
1546 2067 1594 2109 in
1625 2069 1729 2111 loco
1756 2069 1908 2128 negli-

182 2141 385 2198 gentiam
400 2141 448 2184 in
474 2140 691 2184 librarios
710 2140 943 2195 derivare,
974 2141 1052 2199 qui
1081 2157 1331 2200 corrupere
1363 2142 1613 2186 lectionem
1645 2158 1781 2202 quam
1808 2160 1906 2188 non

182 2216 527 2261 intellexerunt.
546 2219 666 2260 Puto
691 2216 815 2259 enim
849 2216 1083 2260 Justinum
1113 2217 1347 2276 scripsisse
1374 2235 1385 2261 ;
1415 2220 1608 2278 legionis
1626 2222 1793 2278 plures
1815 2237 1905 2263 nu-

184 2309 334 2337 meros
364 2291 427 2353 (i.
461 2309 500 2337 e.
541 2295 787 2349 cohortes,
820 2302 869 2336 ut
901 2294 1085 2337 Tacitus
1122 2310 1308 2353 quoque
1339 2296 1573 2354 loquitur,
1607 2297 1722 2339 Hist.
1738 2329 1752 2349 ‚
1780 2313 1821 2351 1,
1848 2297 1905 2358 6)

184 2372 562 2429 conscripserunt.
591 2371 699 2413 Haec
726 2372 949 2415 Graevius.

249 2448 474 2500 Eumeni,
512 2448 613 2507 regi
647 2447 895 2504 Bithynice.
919 2449 1095 2491 Iterum
1126 2456 1247 2491 errat
1282 2450 1307 2490 J
1313 2447 1487 2490 ustinus
1519 2449 1658 2506 plane
1690 2450 1906 2493 eumdem

185 2539 390 2567 errorem
425 2539 565 2582 quem
590 2523 883 2567 commiserat
909 2540 1076 2578 xxvu,
1107 2523 1131 2567 3
1149 2564 1159 2582 ‚
1191 2524 1275 2567 ubi
1299 2524 1406 2567 vide
1435 2533 1568 2568 notas
1594 2535 1790 2570 nostras.
1817 2530 1906 2570 Pe-

183 2601 414 2656 rizonius,
445 2603 534 2644 loc.
569 2600 672 2655 cit.,
708 2601 798 2644 hoc
824 2601 919 2659 jam
957 2602 1139 2646 notavit
1171 2618 1181 2644 :
1221 2603 1478 2646 Eumenem
1519 2603 1643 2646 enim
1681 2603 1907 2663 Bithyniae

183 2692 341 2736 regem
373 2678 448 2721 hic
476 2677 702 2736 appellari
730 2677 809 2736 qui
833 2678 1043 2736 Pergami
1066 2693 1149 2722 rex
1186 2678 1413 2722 dicendus
1438 2687 1557 2737 erat,
1581 2680 1726 2723 Attali
1757 2678 1877 2724 filius
1895 2715 1907 2736 ,

184 2754 335 2798 socius
352 2763 489 2813 atque
503 2754 675 2798 amicus
700 2756 1023 2798 Romanorum
1039 2755 1310 2814 praecipuus.
1337 2755 1458 2799 Vide
1482 2757 1692 2811 L1anM,
1712 2772 1881 2800 xxxvu
1895 2791 1906 2812 ,

185 2847 222 2872 c.
250 2831 334 2889 39,
360 2837 415 2885 41
436 2865 447 2886 ‚
475 2830 549 2882 [23.

257 2908 513 2952 Consulem.
552 2908 778 2968 Intelligit
814 2909 946 2952 Publ.
972 2909 1206 2953 Licinium
1229 2910 1443 2954 Crassum
1470 2924 1480 2951 ε
1507 2911 1721 2954 eumdem
1750 2920 1904 2955 tamen

183 2984 341 3041 paullo
376 2993 483 3042 post
513 2986 768 3043 Sulpiciam
811 2985 1049 3038 nominat,
1077 3002 1182 3029 cum
1207 2987 1343 3029 Publ.
1369 2985 1573 3045 Sulpicio
1610 2988 1760 3031 Galba
1798 3003 1908 3046 per-

184 3069 392 3115 mutans,
433 3063 511 3120 qui
550 3063 724 3106 bellum
762 3063 1116 3107 macedonicum
1144 3066 1284 3122 prius
1315 3063 1579 3118 inchoavit,
1619 3073 1664 3107 at
1699 3065 1907 3108 Licinius

184 3138 371 3180 Crassus
410 3138 501 3181 hoc
539 3139 746 3183 alterum.
786 3140 1023 3183 Accidisse
1062 3140 1153 3183 hoc
1193 3140 1305 3183 dicit
1343 3140 1639 3195 Perizonius,
1680 3142 1768 3184 loc.
1807 3142 1907 3196 cit.,

186 3234 203 3252 ε(
223 3212 392 3256 Justini
415 3214 571 3258 animo
590 3216 810 3260 varietate
836 3225 881 3260 et
905 3217 1204 3261 multitudine
1229 3234 1382 3261 rerum
1400 3233 1425 3261 a
1448 3218 1609 3276 Trogo
1636 3234 1718 3276 pcr
1743 3234 1905 3262 omnes

185 3291 383 3348 populos
408 3306 455 3333 se
488 3291 782 3336 diffundente
807 3294 1056 3337 relatarum
1086 3294 1322 3338 distracto.
1352 3314 1375 3333 υ
1402 3295 1530 3338 Idem
1557 3295 1649 3352 jam
1677 3296 1907 3340 observa«

185 3375 313 3410 verat
339 3367 525 3411 Loritus
551 3369 822 3413 Glareanus.
