2315 3868
417 352 501 397 186
835 350 1320 395 ADNOTATIONES
1359 351 1423 394 IN
1460 351 1699 394 JUSTINI

475 450 570 492 Nec
601 448 646 490 in
674 448 820 490 Italia
842 448 1040 490 meliore.
1059 448 1176 490 Nam
1207 462 1378 505 magno
1409 447 1576 505 proelio
1608 447 1675 490 ibi
1700 448 1844 492 victus
1872 458 1939 493 est
1966 465 1989 494 a
2020 452 2124 494 Ma-

410 526 489 568 nio
521 523 663 567 Curio
697 524 898 566 Dentato
932 524 1121 567 consule
1159 524 1217 566 ad
1240 526 1569 567 Beneventum.

477 601 580 644 CAP.
615 600 694 643 IV.
730 601 958 644 Adversus
996 600 1411 659 Carthaginienses.
1447 601 1597 643 Immo
1624 599 1843 644 adversus
1878 601 2125 644 Mamerti—

409 692 509 721 nos.
534 676 655 720 Vide
688 679 966 731 ΡοιΥΒιυΜ,
1007 692 1047 727 1.
1081 675 1107 718 8
1134 685 1176 718 et
1211 693 1254 734 9.

475 754 698 797 Hierocle.
725 755 857 797 MSS.
884 751 1052 795 Justini
1084 767 1244 794 omnes
1278 751 1563 808 Hieroclyto,
1600 761 1644 796 et
1674 754 1832 811 paullo
1850 762 1957 812 post
1982 754 2124 807 Gelo,

408 846 549 889 quum
580 830 722 874 scribi
769 829 961 872 deberet
996 828 1183 870 Gelone.
1209 828 1543 885 Genealogiam
1575 828 1796 872 Hieronis
1830 829 2129 872 concinnavit

408 923 465 951 ex
487 906 718 950 historicis
750 905 1048 948 Casaubonus
1074 904 1133 946 ad
1164 904 1446 962 Dionysium
1472 904 1803 960 Halicamass,
1827 906 1874 948 in
1904 905 2039 948 initio
2066 906 2126 948 li-

408 984 482 1027 bri
513 983 708 1042 septimi.

472 1061 671 1115 Noctaa‚
699 1061 744 1102 in
787 1059 939 1103 hasta.
992 1061 1182 1103 «Potest
1222 1060 1312 1103 hoc
1349 1058 1591 1112 accidisse,
1639 1074 1780 1117 quum
1818 1059 2129 1117 Agathocles,

408 1138 534 1180 bello
561 1137 760 1196 punico,
790 1145 986 1180 noctuas
1020 1136 1336 1194 compluribus
1366 1151 1449 1193 per
1489 1143 1635 1178 castra
1671 1135 1783 1177 locis
1816 1136 1933 1178 clam
1961 1134 2131 1188 emisit,

410 1230 507 1273 quae
541 1229 624 1272 per
656 1228 823 1272 agmen
860 1213 1135 1268 volitantes,
1171 1213 1281 1256 dum
1306 1212 1478 1270 clypeis
1504 1211 1739 1270 galeisque
1767 1210 2001 1265 insident,
2026 1211 2131 1254 ani-

408 1307 509 1335 mos
553 1291 751 1334 militum
790 1289 1153 1344 confirmabant,
1183 1305 1270 1348 pro
1316 1289 1440 1332 felici
1482 1289 1531 1332 id
1559 1289 1752 1347 augurio
1795 1288 2133 1347 accipientibus

409 1368 629 1426 singulis,
667 1375 914 1426 propterea
963 1365 1092 1424 quod
1131 1366 1354 1409 Minervae
1397 1381 1523 1408 sacra
1571 1365 1667 1408 haec
1724 1365 1819 1408 avis
1858 1365 2133 1409 habebatur.

409 1445 652 1498 D10n01z.,
689 1458 769 1496 xx,
810 1458 921 1485 11.»
947 1443 1306 1485 BERNECCERUS.

950 1599 1025 1641 IN
1066 1598 1348 1641 LIBRUM
1389 1598 1592 1640 XXIV.

475 1737 854 1798 AEgyptiacarum
886 1751 1074 1795 quoque
1117 1751 1271 1779 rerum
1311 1743 1381 1777 tot
1423 1734 1699 1778 exstiterunt
1738 1734 1851 1778 olim
1889 1735 2138 1793 scriptores

408 1816 553 1860 hodie
580 1815 838 1874 deperditi,
871 1823 921 1857 ut
953 1811 1142 1856 definiri
1175 1812 1267 1870 jam
1302 1827 1400 1854 non
1429 1813 1599 1870 possit,
1631 1827 1688 1855 ex
1718 1827 1811 1869 quo
1843 1812 2139 1870 potissimum

410 1908 490 1936 sua
515 1891 717 1935 hauserit
749 1890 995 1949 Pompeius
1020 1891 1215 1947 Trogus.
1249 1888 1466 1932 Narratio
1503 1888 1598 1945 ejus
1628 1888 1702 1930 hic
1733 1887 1826 1931 illic
1853 1903 1958 1931 cum
1996 1889 2141 1945 Poly-

411 1969 485 2012 bio
517 1968 755 2026 congruit,
796 1967 874 2026 qui
903 1976 1056 2010 tamen
1082 1966 1159 2009 vix
1188 1966 1345 2009 omnia
1376 1981 1400 2007 a
1435 1964 1662 2024 Pompeio
1696 1974 2060 2008 commemorata
2090 1965 2138 2008 in

411 2060 517 2089 suos
561 2045 710 2088 libros
750 2052 1001 2102 receperat.
1034 2044 1104 2086 De
1144 2044 1294 2086 Gallis
1335 2057 1589 2099 eorumque
1633 2042 2011 2099 expeditionibus
2057 2059 2141 2100 pei·

411 2121 634 2165 Graeciam
666 2130 709 2164 et
754 2120 906 2164 Asiam
938 2120 1171 2163 Minorem
1210 2119 1405 2162 videndi
1439 2118 1669 2177 praecipue
1704 2119 1862 2161 Livius
1892 2128 1936 2161 et
1967 2120 2140 2161 Pausa—

415 2199 526 2241 nias.
561 2198 850 2256 Scriptorum
889 2206 1100 2241 veterum
1131 2197 1259 2239 locos
1302 2196 1359 2239 de
1400 2195 1454 2238 iis
1488 2195 1752 2253 plenissime
1777 2196 1964 2253 collegit
1996 2197 2140 2240 Gottl.

412 2274 759 2319 VVernsdorfius
784 2275 832 2317 in
857 2274 1182 2318 dissertatione
1211 2274 1269 2316 de
1305 2273 1562 2330 Republica
1600 2272 1904 2323 Galatarum,
1941 2271 2139 2313 Norimd

412 2353 587 2411 bergas,
628 2353 745 2408 1743
766 2387 776 2404 ‚
810 2360 853 2395 et
893 2351 1193 2401 Si-Martin,
1222 2349 1270 2391 in
1304 2349 1493 2408 egregio
1513 2349 1660 2399 libro,
1688 2349 1801 2390 Hist.
1822 2349 1904 2391 des
1938 2349 2137 2401 Gaudes,

414 2444 438 2472 2
484 2431 578 2474 vol.
631 2430 784 2481 in-40.
834 2431 889 2472 ln
929 2428 1135 2486 Prologo
1176 2426 1389 2484 Pompeii
1428 2426 1700 2468 nominatur
1746 2442 1826 2468 rex
1875 2425 2141 2485 Illyriorum

413 2507 626 2559 Monius,
655 2507 782 2564 cujus
816 2505 1041 2549 memoria
1075 2504 1201 2563 apud
1230 2512 1408 2546 ceteros
1434 2503 1684 2562 scriptores
1714 2503 1964 2546 intercidit.

478 2584 580 2628 CAP.
614 2586 649 2629 Ι.
684 2583 878 2626 Interim
918 2584 964 2626 in
993 2582 1201 2633 Graecia,
1231 2588 1318 2624 etc.
1348 2580 1525 2623 Harum
1558 2595 1713 2622 rerum
1749 2579 1877 2623 initia
1900 2579 1996 2636 jam
2015 2596 2140 2635 xvn,

413 2677 512 2720 cap.
548 2675 604 2716 2,
639 2660 840 2704 indicata
877 2659 1071 2702 fuerant.

478 2741 616 2781 Area.
650 2736 799 2782 Graeci
833 2735 957 2779 enim
988 2735 1125 2797 Ᾰρεύς,
1158 2734 1238 2777 sed
1268 2735 1401 2777 MSS.
1444 2738 1628 2785 Areua,
1665 2733 1793 2791 quasi
1826 2740 1944 2775 esset
1970 2734 2137 2775 Areas.

478 2816 773 2858 Ptolemaeus.
822 2815 922 2855 Jam
970 2813 1108 2854 tertio
1150 2810 1281 2853 vides
1333 2809 1560 2854 ,lustinum
1609 2809 1729 2852 inter
1764 2824 1810 2851 se
1855 2818 2141 2866 permutasse

415 2894 531 2937 duos
562 2893 863 2944 Ptolemaeos,
894 2890 1192 2932 Ptolemaeum
1229 2887 1612 2945 Philadelphum,
1651 2885 1838 2943 AEgypti
1867 2899 2048 2941 regem,
2098 2894 2140 2928 et

415 2971 709 3014 Ptolemaeum
746 2968 1022 3011 Ceraunum.
1067 2967 1187 3008 Nam
1231 2965 1327 3007 haec
1373 2965 1429 3007 de
1470 2978 1577 3021 rege
1610 2962 1797 3020 AEgypti
1835 2962 2136 3020 intelligenda

417 3063 512 3091 esse
538 3046 726 3091 aliunde
757 3044 866 3088 satis
900 3051 1105 3101 apparet.

486 3126 629 3168 Pulso
661 3123 902 3181 Antigono.
937 3122 991 3163 In
1023 3134 1177 3178 pugna
1201 3118 1370 3162 navali.

488 3202 592 3245 CAP.
627 3201 687 3244 II.
727 3198 936 3241 Arsinoe.
961 3198 1072 3250 Quae
1105 3194 1367 3254 Lysimachi
1398 3193 1517 3250 regis
1546 3191 1684 3233 vidua
1713 3200 1822 3234 erat.

487 3275 765 3334 Lysimacho
792 3273 917 3332 filio.
963 3273 1161 3316 Codices
1205 3269 1420 3314 nonnulli
1450 3269 1709 3311 Ptolomaeo
1741 3283 1827 3326 pro
1858 3266 2137 3324 Lysimacho

421 3353 647 3406 retinent3
681 3352 813 3394 male.
844 3352 973 3393 Duos
1005 3349 1129 3392 enim
1161 3345 1418 3406 Lysimachi
1445 3343 1564 3387 filios
1605 3352 1833 3387 noverunt
1866 3343 2139 3401 scriptores,
