2315 3868
506 251 954 296 HISTORIARUM
994 252 1108 294 Lm.
1145 251 1415 294 xxxvnl.
1766 268 1825 311 79

109 357 530 413 meditabundus
574 356 808 421 bellum,
856 357 1017 409 variis
1064 356 1451 410 beneficiorum
1505 355 1821 409 muneribus

106 459 216 534 jam
248 471 373 512 ante
406 456 664 512 illexerat.
697 457 778 510 Ab
813 455 1032 531 Scythia
1063 475 1280 529 quoque
1311 457 1607 510 exercitum
1640 457 1823 510 venire

107 557 288 631 jubet,
323 575 650 629 omnemque
687 555 973 609 Orientem
1012 554 1270 608 adversus
1311 556 1586 609 Romanos
1630 568 1820 609 armat.

108 658 232 710 Non
265 675 463 730 magno
495 655 661 728 igitur
693 652 877 707 labore
906 651 1190 727 Aquilium
1220 665 1272 706 et
1300 651 1593 706 Maltinum
1622 656 1822 708 Asiano

108 755 344 808 exercitu
381 755 674 807 instructos
708 754 907 820 vincit,
939 753 1138 827 quibus
1175 750 1335 806 simul
1369 771 1493 804 cum
1528 752 1824 807 Nicomede

109 853 300 926 pulsiS,
332 854 542 929 ingenti
576 853 761 907 favore
795 853 1099 907 civitatium
1135 851 1404 926 excipitur
1440 872 1449 903 :
1481 850 1715 904 multum
1752 853 1821 904 ibi

108 957 224 1007 auri
267 955 619 1029 argentique,
671 952 852 1007 studio
898 965 1141 1006 veterum
1188 972 1410 1027 regum,
1460 970 1826 1026 magnumqu'

109 1052 234 1107 belli
261 1065 586 1128 apparatum
619 1053 828 1107 invenit
858 1074 866 1106 :
901 1053 1098 1126 quibus
1129 1053 1456 1120 instructuS,
1484 1050 1662 1104 debita
1692 1050 1824 1104 civi-

110 1154 311 1206 tatibus
341 1152 555 1227 publica
585 1154 908 1226 privataque
936 1152 1189 1218 remittit,
1220 1163 1273 1204 et
1303 1150 1643 1204 vacationem
1671 1149 1830 1223 quin-

109 1254 333 1325 quennii
387 1251 654 1305 concedit.
705 1252 860 1303 Tunc
911 1249 978 1302 ad
1026 1250 1346 1303 concionem
1394 1248 1592 1302 milites
1637 1259 1828 1315 vocat,

112 1372 309 1424 eosque
355 1351 518 1404 variis
573 1349 1045 1403 exhortationibus
1099 1348 1166 1402 ad
1218 1369 1442 1402 romana
1492 1346 1665 1417 bella,
1717 1348 1828 1401 sive

108 1451 324 1518 asiana,
376 1449 583 1503 incitat.
629 1450 809 1519 Quam
861 1448 1166 1502 orationem
1209 1448 1430 1522 dignam
1477 1447 1636 1517 duxi,
1678 1448 1832 1521 cujus

107 1547 419 1623 exemplum
452 1548 709 1602 brevitati
739 1547 902 1622 liujus
930 1548 1109 1621 operis
1139 1547 1463 1616 insererem,
1496 1567 1659 1620 quam
1691 1545 1830 1599 obli-

108 1667 270 1721 quam
307 1648 601 1721 Pompeius
636 1649 850 1721 Trogus
886 1647 1166 1721 exposuit,
1201 1647 1460 1720 quoniam
1495 1646 1550 1698 in
1586 1646 1744 1699 Livio
1780 1657 1832 1698 et

110 1748 163 1798 in
199 1744 457 1800 Sallustio
492 1744 875 1819 reprehendit,
915 1744 1086 1818 quod,
1131 1744 1420 1798 conciones
1453 1743 1684 1797 directas
1733 1766 1829 1817 pro

108 1866 202 1899 sua
227 1847 472 1899 oratione
497 1845 649 1919 operi
674 1865 772 1898 suo
798 1843 1113 1914 inserendO,
1142 1843 1382 1897 historiae
1404 1842 1631 1897 modum
1655 1864 1833 1898 exces-

108 1947 294 2000 serint.

184 2049 278 2102 IV.
327 2071 352 2097 <c
378 2044 700 2122 Optandum
734 2045 832 2099 sibi
869 2045 1033 2099 fuisse
1066 2046 1165 2112 ait,
1201 2057 1260 2098 ut
1289 2045 1353 2098 de
1383 2066 1447 2099 co
1477 2044 1667 2099 liceret
1700 2066 1832 2099 con-

107 2146 312 2214 sulere,
349 2145 627 2201 bellumne
667 2147 736 2199 sit
775 2167 901 2199 cum
941 2146 1234 2214 Romanis,
1280 2166 1347 2199 an
1387 2165 1488 2219 pax
1534 2145 1783 2199 habenda
1822 2167 1831 2198 :

107 2247 237 2320 quin
268 2266 399 2299 vero
431 2247 499 2300 sit
534 2243 899 2299 resistendum
933 2245 1419 2320 impugnantibus,
1454 2266 1553 2298 nec
1586 2265 1676 2298 eos
1710 2247 1833 2320 qui-

106 2347 230 2401 dem
265 2346 540 2416 dubitare,
578 2347 671 2421 qui
705 2367 797 2421 spe
841 2347 1082 2400 victoriae
1117 2358 1352 2400 careant.
1387 2346 1610 2420 Quippe
1643 2345 1836 2401 adver-

108 2469 195 2502 sus
224 2447 519 2511 latronem,
549 2447 591 2501 si
621 2459 897 2522 nequeant
926 2468 1026 2521 pro
1054 2445 1250 2514 salute,
1279 2467 1381 2520 pro
1412 2445 1620 2499 ultione
1652 2457 1836 2499 tamen

107 2568 233 2617 sua,
284 2567 471 2601 omnes
522 2546 728 2600 ferrum
776 2545 1060 2621 stringere.
1116 2547 1376 2600 Ceterum
1428 2546 1555 2619 quia
1614 2566 1725 2598 non
1781 2544 1836 2597 id

107 2660 327 2723 agatur,
365 2668 434 2701 an
472 2646 632 2701 liceat
667 2647 970 2721 quiescere,
1005 2666 1114 2699 non
1153 2657 1366 2699 tantum
1400 2646 1585 2699 animo
1622 2643 1835 2698 hostili-

109 2761 214 2815 ter,
265 2748 359 2802 sed
407 2749 572 2802 etiam
618 2745 810 2821 proelio
865 2746 1197 2821 congressiS,
1247 2743 1682 2814 consulendum,
1728 2765 1837 2820 qua

110 2849 320 2902 ratione
358 2868 421 2902 ac
452 2868 546 2923 spe
589 2859 771 2922 coepta
800 2844 940 2900 bella
980 2847 1300 2901 sustineant.
1341 2848 1471 2900 Esse
1510 2857 1690 2899 autem
1734 2846 1835 2899 sibi

111 2948 349 3000 victoriae
378 2947 658 3017 fiduciam,
689 2947 731 3000 si
760 2947 828 3000 sit
859 2944 961 2999 illis
989 2946 1203 2999 animus
1232 2967 1242 3000 ε
1276 2948 1661 3020 Romanosque
1692 2946 1836 2999 vinci

114 3065 297 3120 posse,
335 3047 616 3122 cognitum
655 3067 767 3100 non
806 3046 905 3100 sibi
949 3046 1121 3121 magis
1163 3066 1326 3119 quam
1372 3046 1501 3119 ipsis
1542 3044 1836 3112 militibus,

113 3146 206 3220 qui
251 3156 304 3198 et
347 3145 401 3199 in
448 3146 702 3219 Bithynia
742 3144 1053 3221 Aquilium.
1092 3157 1145 3198 et
1183 3142 1477 3198 Maltinum
1521 3145 1575 3197 in
1617 3146 1834 3218 Cappa-

115 3245 270 3298 docia
302 3238 558 3298 fuderint.
593 3248 661 3300 At
691 3247 733 3300 si
764 3267 925 3320 quem
958 3244 1133 3299 aliena
1167 3244 1337 3318 magis
1373 3243 1644 3318 exempla,
1673 3264 1835 3318 quam
