2315 3868
469 392 556 435 190
885 372 1379 416 ADNOTATIONES
1416 374 1480 416 IN
1517 375 1754 418 JUSTINI

464 473 559 515 duo
585 468 729 510 millia
752 483 804 511 ac
835 467 1029 511 fortasse
1053 468 1208 526 plures
1232 467 1280 510 in
1313 468 1516 511 exercitu
1541 478 1701 512 eontra
1733 472 1985 528 Spartanos
2013 485 2056 518 et
2083 479 2177 520 Ar-

461 547 591 604 givos
616 544 757 587 ducto
799 560 808 586 :
843 559 958 602 quos
991 552 1088 587 turn
1118 544 1295 588 deletos
1334 544 1475 588 fuisse
1507 560 1732 604 nusquam
1766 547 1938 606 legitur
1972 567 1981 593 :
2019 567 2179 596 verum

461 621 613 665 occiso
635 621 814 680 Pyrrho
856 635 966 680 rege
1001 636 1080 665 eos
1111 621 1171 665 ad
1198 621 1483 679 Antigonum
1514 622 1748 666 transiisse
1784 624 2035 670 verisimile
2067 638 2133 671 est
2168 647 2178 672 ε

458 713 609 757 neque
637 698 713 741 hic
739 697 789 740 in
820 706 947 741 tanta
981 697 1094 741 belli
1121 697 1393 741 necessitate
1427 712 1506 741 eos
1533 699 1850 757 repudiavisse
1882 701 2095 757 videtur,
2128 714 2179 748 ut

458 775 537 833 qui
557 775 653 832 jam
680 775 819 818 semel
853 790 957 817 usus
995 775 1143 817 fuerat
1187 781 1311 817 emto
1339 775 1584 817 Gallorum
1623 775 1824 832 auxili03
1860 777 1966 822 vide
1997 795 2175 839 supra,

457 867 571 905 xxv,
606 850 647 894 3.
689 852 901 894 Ceterum
932 851 1027 893 haec
1064 864 1137 892 res
1175 849 1234 892 ad
1264 851 1454 908 Megara
1491 851 1655 894 urbem
1695 862 1819 910 gesta
1867 863 1954 910 est,
1995 871 2092 899 non
2128 857 2176 900 in

457 927 734 972 Macedonia
752 961 763 981 ,
796 935 845 969 ut
876 925 1167 969 somniarunt
1191 925 1434 968 novissimi
1463 926 1653 984 quidam
1684 929 1903 973 editores.

523 1004 859 1049 Intemecz'vum.
878 1003 999 1046 Galli
1028 1002 1151 1046 enim
1175 1002 1384 1061 undique
1402 1003 1462 1045 ab
1494 1003 1704 1047 hostibus
1735 1005 1875 1048 cincti
1908 1017 2061 1060 erant,
2082 1025 2171 1053 ne-

457 1096 544 1139 que
566 1081 804 1124 habebant
830 1095 922 1138 quo
955 1079 1274 1138 confugerent.

520 1158 665 1212 Hujus
676 1156 809 1214 filias
839 1157 1106 1200 Demetn’us.
1138 1156 1417 1200 Niebuhrius
1449 1156 1499 1198 in
1536 1157 1813 1215 Opasculis,
1849 1167 1876 1202 t.
1909 1176 1955 1214 ι,
1987 1176 2032 1219 p.
2061 1176 2176 1221 229,

453 1235 539 1278 hac
567 1233 761 1277 historia
792 1242 1001 1277 accurate
1033 1248 1378 1292 expensa,non
1397 1232 1557 1290 filium
1591 1233 1817 1291 Antigoni
1853 1244 2006 1279 censet
2040 1236 2175 1281 fuisse

452 1311 760 1366 Demetrium,
786 1310 867 1354 sed
895 1325 1035 1353 unum
1066 1325 1089 1353 e
1110 1310 1328 1353 fratribus
1355 1309 1606 1367 Antigoni,
1632 1310 1710 1369 qui
1739 1311 1904 1355 eodem
1933 1322 2065 1356 erant
2094 1330 2176 1358 no-

452 1404 590 1432 mine.

520 1466 624 1510 CAP.
660 1466 745 1507 ΙΙΙ.
776 1466 852 1507 Ad
882 1467 1173 1506 Acarnanas.
1209 1462 1474 1506 Acarnania
1507 1463 1696 1520 quidem
1723 1464 1817 1520 jam
1848 1467 2025 1524 Pyrrho
2057 1468 2174 1510 obe-

453 1540 601 1584 dierat
630 1539 764 1600 (vide
808 1541 1153 1592 horrificum,
1193 1539 1243 1580 in
1272 1538 1376 1581 vita
1409 1538 1505 1594 ejus
1526 1571 1537 1591 ,
1574 1553 1610 1580 c.
1646 1537 1727 1597 6),
1759 1540 1840 1583 sed
1874 1543 2173 1598 postmodum

452 1617 510 1661 ab
549 1616 818 1660 Alexandro
849 1617 893 1658 in
924 1615 1189 1673 portionem
1228 1614 1341 1656 belli
1372 1623 1570 1672 accepta
1609 1623 1703 1665 est,
1740 1624 1788 1657 ut
1819 1615 1940 1661 infra
1970 1617 2175 1675 loquitur

451 1693 727 1743 Justinus,l.
761 1707 946 1744 xxvln,
979 1691 1132 1734 initio.

520 1773 778 1815 Ptolemoeo
801 1768 971 1826 fratre.
1010 1769 1047 1811 I.
1097 1785 1133 1811 e.
1163 1767 1502 1826 Philadelpho,
1541 1768 1613 1811 cui
1645 1768 1786 1811 frater
1819 1776 1915 1812 erat
1942 1783 2000 1812 ex
2026 1778 2172 1811 matre

451 1847 694 1902 Berenice,
726 1844 846 1889 filius
879 1845 1070 1903 quidem
1098 1845 1302 1903 Philippi
1333 1844 1503 1902 prioris
1532 1844 1627 1902 ejus
1658 1844 1823 1892 mariti,
1857 1848 1895 1888 A
1921 1845 2171 1889 Ptolemaeo

452 1933 603 1967 autem
633 1938 742 1981 rege
773 1922 1047 1980 praepositus
1082 1921 1231 1965 fuerat
1270 1921 1637 1980 Cyrenensibus,
1670 1921 1859 1978 quibus,
1900 1930 1948 1964 ut
1981 1937 2003 1964 a
2032 1921 2173 1965 fratre

452 1999 704 2044 deficerent
747 2008 791 2042 et
824 1999 951 2042 bello
979 2001 1231 2057 AEgyptum
1273 2007 1510 2056 peterent,
1549 1997 1786 2057 persuasit.
1833 1996 2017 2041 Deinde
2057 2013 2170 2041 vero

449 2076 835 2119 Marmaridarum
855 2109 866 2129 ‚
908 2091 1008 2133 quae
1042 2074 1247 2134 Libyum
1278 2074 1542 2118 Nomadum
1575 2089 1687 2132 gens
1718 2082 1842 2128 erat,
1887 2073 2171 2129 defectione,

450 2162 602 2197 motus
635 2153 771 2195 etiam
814 2150 1031 2194 Antiochi
1064 2152 1178 2207 Dei,
1219 2167 1357 2210 quem
1398 2151 1447 2193 in
1484 2150 1754 2194 societatem
1787 2149 1902 2193 belli
1941 2150 2170 2193 sollicita-

448 2239 600 2286 verat,
625 2244 650 2272 a
680 2229 929 2272 Ptolemaeo
957 2228 1095 2272 variis
1113 2228 1265 2271 modis
1290 2227 1463 2287 pressi,
1496 2225 1787 2278 infirmitate,
1820 2243 1845 2269 a
1874 2227 2001 2269 bello
2031 2226 2173 2269 desti-

449 2308 557 2350 tisse
588 2307 785 2349 videtur.
815 2305 908 2348 Sed
940 2305 1034 2348 haec
1076 2313 1255 2347 tantum
1288 2304 1337 2347 in
1365 2303 1632 2360 conjectura
1664 2302 1816 2361 posita
1848 2311 1976 2356 sunt,
2009 2317 2169 2345 verum

449 2384 713 2443 probabili,
742 2383 781 2426 si
812 2383 1023 2426 conferas
1049 2382 1345 2435 Pausaniam,
1378 2397 1423 2436 1,
1453 2397 1489 2423 c.
1528 2396 1567 2435 7.

512 2463 813 2504 Demetrium.
833 2462 875 2503 is
897 2459 1118 2502 Demetrii
1146 2457 1416 2501 Poliorcetis
1434 2457 1617 2514 genitus
1643 2465 1741 2499 erat
1766 2471 1823 2499 ex
1854 2455 2168 2504 Ptolemaide,

447 2537 883 2596 Ptole1naeiLagidae
915 2545 960 2580 et
984 2535 1224 2596 Eurydicae
1254 2534 1494 2593 Antipatri
1517 2532 1638 2587 filio,
1669 2532 1949 2591 cognomine
1978 2532 2166 2575 Pulchri

449 2616 717 2674 appellatus.

522 2693 614 2749 Qui
634 2701 679 2734 et
707 2692 807 2749 ipse
835 2690 1015 2747 exfilia
1046 2688 1302 2732 Ptolemoei.
1333 2687 1515 2731 Scilicet
1541 2696 1593 2730 ut
1614 2685 1834 2729 Berenice
1860 2700 1915 2727 ex
1933 2682 2032 2726 filio
2050 2685 2165 2726 Pto-

449 2768 624 2821 lemaei,
674 2767 780 2810 licet
827 2766 1072 2824 privigno,
1107 2767 1258 2823 Maga.
1299 2764 1371 2808 Ad
1415 2763 1648 2806 Arsinoen
1688 2770 1839 2804 autem
1870 2760 1962 2802 haec
1999 2758 2164 2801 referri

447 2853 702 2902 nequeunt,
735 2842 823 2885 nisi
853 2842 926 2884 hic
959 2842 1099 2885 etiam
1133 2841 1245 2884 duas
1277 2840 1484 2898 ejusdem
1512 2838 1714 2881 nominis
1747 2835 1939 2880 feminas
1967 2849 2164 2892 permu—

449 2921 562 2964 tavit
586 2930 662 2963 aut
693 2919 898 2962 Justinus
935 2927 1010 2961 aut
1043 2919 1240 2976 Trogus.

521 2997 764 3040 Ptolemoei
785 2998 796 3044 ί
808 2995 902 3038 scil.
933 2993 1255 3053 Philadelphi)
1270 2994 1438 3049 filium.
1465 2993 1761 3036 Ptolemaeum
1788 2989 2069 3045 Evergeten,
2088 3001 2166 3030 cu-

450 3076 518 3132 jus
543 3073 711 3117 deinde
744 3087 866 3115 uxor
894 3072 1010 3114 facta
1041 3079 1119 3114 cst.

976 3227 1050 3268 IN
1086 3227 1367 3270 LIBRUM
1403 3224 1628 3267 XXVII.

516 3365 832 3409 Memorabilis
857 3373 923 3407 est
947 3365 1171 3422 Prologus
1204 3363 1335 3418 hujus
1367 3361 1495 3415 libri,
1523 3360 1571 3402 in
1602 3375 1693 3418 quo
1721 3375 1789 3402 res
1821 3365 2068 3400 narrantur
2096 3354 2154 3396 ab
