2912 4368
987 516 1427 559 HIS'rORlARUM
1458 516 1570 556 LIB.
1608 515 1718 558 XLI
2136 509 2222 553 1215

502 641 683 685 mum,
726 621 825 673 hoc
866 619 1033 687 duce,
1074 620 1285 693 imperii
1330 618 1604 691 fastigium
1646 640 1733 671 cos
1772 617 2043 692 perduxit.
2090 619 2222 668 Bac—

501 722 660 774 triani
700 732 881 773 autem
921 740 1015 792 per
1054 720 1201 771 varia
1246 716 1386 770 bella
1420 718 1634 790 jactati,
1678 738 1785 769 non
1834 737 2064 792 regnum
2108 728 2226 768 tau-

485 821 642 882 tum,
675 839 862 872 verum
895 818 1055 870 etiam
1087 815 1391 870 libertatem
1422 816 1721 869 amiserunt
1753 836 1761 867 :
1795 815 2059 888 siquidem
2090 818 2223 888 Sog-

501 920 788 973 dianorum
826 929 878 970 et
911 917 1357 990 Drangianorum
1390 914 1765 987 Indorumque
1798 912 1952 966 bellis
1989 914 2226 987 fatigati,

502 1019 568 1072 ad
611 1029 948 1092 postremum
991 1017 1057 1069 ab
1101 1015 1514 1069 invalidioribus
1554 1014 1804 1081 Parthis,
1852 1010 1996 1065 velut
2037 1033 2225 1065 exsan-

501 1138 653 1192 gues,
679 1118 919 1191 oppressi
945 1129 1087 1169 sunt.
1117 1114 1294 1169 Multa
1320 1128 1501 1168 tamen
1526 1113 1846 1169 Eucratides
1870 1110 2008 1164 bella
2034 1132 2229 1185 magna

502 1218 703 1270 virtute
739 1217 901 1290 gessit
946 1238 954 1267 :
1000 1216 1198 1289 quibus
1241 1216 1492 1283 attritus,
1530 1234 1702 1287 quum
1742 1210 2081 1265 obsidionem
2125 1214 2230 1263 De-

502 1317 715 1384 metrii,
757 1317 896 1390 regis
938 1315 1236 1383 indorum,
1276 1326 1588 1388 pateretur,
1633 1333 1755 1366 cuin
1791 1330 1887 1365 ccc
1934 1308 2229 1376 militibus,

504 1438 572 1469 Lx
618 1415 788 1468 millia
831 1415 1068 1468 hostium
1114 1412 1341 1467 assiduis
1393 1413 1776 1487 eruptionibus
1823 1410 1967 1463 vicit.
2014 1409 2230 1479 Quinto

502 1517 681 1589 itaque
722 1534 905 1567 mense
948 1512 1241 1577 liberaum,
1286 1511 1499 1564 Indiam
1545 1513 1599 1563 in
1642 1522 1960 1584 potestatem
2005 1508 2230 1581 redegit.

503 1614 659 1669 Unde
705 1633 874 1687 quum
921 1632 974 1665 se
1022 1612 1311 1686 reciperet,
1361 1633 1390 1664 a
1437 1609 1573 1680 filio,
1618 1631 1779 1685 quem
1829 1610 2035 1663 socium
2079 1610 2231 1683 regni

502 1714 724 1779 fecerat,
752 1714 805 1764 in
837 1713 1027 1764 itinere
1056 1711 1379 1764 interficitur
1412 1733 1420 1764 :
1453 1713 1573 1785 qui,
1602 1733 1711 1765 11011
1740 1709 2081 1765 dissimulato
2112 1730 2232 1785 par-

502 1813 720 1881 ricidio,
757 1810 906 1864 velut
942 1812 1183 1877 hostem,
1222 1834 1330 1865 non
1372 1824 1580 1887 patrem
1628 1812 2009 1880 interfecisset,
2046 1823 2096 1863 et
2137 1832 2233 1885 per

502 1935 595 1966 san

602 1915 818 1989 guinem
848 1914 963 1986 ejus
993 1933 1215 1965 currum
1243 1914 1378 1987 egit,
1406 1926 1457 1965 et
1484 1933 1682 1986 corpus
1711 1913 1869 1986 abjici
1896 1910 2231 1986 insepultum

495 2015 668 2087 jussit.
708 2015 857 2066 Dum
896 2014 1007 2065 haec
1047 2011 1192 2085 apud
1233 2016 1453 2066 Bactros
1500 2025 1795 2077 oeruntur,
1834 2013 2049 2064 interim
2093 2012 2234 2064 inter

1498 2055 1528 2087 e

502 2112 728 2165 Parthos
759 2124 811 2165 et
841 2111 1033 2166 Medos
1061 2110 1266 2165 bellum
1292 2113 1486 2165 oritur.
1515 2113 1706 2181 Quum
1740 2112 1919 2164 varius
1951 2112 2235 2185 utriusque

500 2212 688 2288 populi
722 2234 878 2266 casus
916 2212 1130 2274 fuisset,
1167 2212 1234 2265 ad
1269 2226 1605 2286 postremum
1641 2213 1869 2265 victoria
1903 2233 2066 2286 penes
2100 2214 2232 2265 Par„

502 2314 623 2367 thos
649 2314 766 2367 suit.
796 2314 891 2366 His
921 2313 1125 2366 viribus
1156 2326 1346 2366 31161115
1377 2313 1750 2378 Mithridates,
1778 2312 1973 2365 Mediae
2004 2314 2230 2365 Bacasin

503 2414 796 2487 praeponit,
821 2414 933 2488 ipse
958 2414 1011 2465 in
1037 2415 1367 2487 Hyrcaniam
1394 2413 1773 2487 proficiscitur.
1806 2411 1962 2466 Unde
1987 2431 2235 2464 reversus

502 2511 704 2566 bellum
747 2534 872 2566 cum
912 2512 1277 2587 Elymaeorum
1318 2533 1444 2587 rege
1486 2514 1644 2587 gessit
1686 2534 1694 2565 :
1731 2532 1840 2585 quo
1878 2512 2018 2563 victo
2043 2554 2054 2569 ,
2095 2511 2235 2563 hanc

502 2634 719 2686 quoque
753 2625 967 2687 gentem
1001 2633 1170 2687 regno
1204 2613 1427 2687 adjecit,
1465 2614 1866 2686 iinffrieriumque
1899 2611 2232 2664 Parthorum

502 2733 530 2765 a
566 2724 750 2764 monte
784 2715 1059 2779 Caucaso,
1098 2712 1283 2765 multis
1319 2712 1536 2787 populis
1573 2712 1626 2764 in
1663 2711 1925 2763 ditionem
1963 2710 2196 2764 redactis
2220 2755 2233 2778 ,

505 2831 672 2885 usque
700 2811 767 2863 ad
800 2811 1003 2863 [lumen
1039 2814 1374 2885 Euphratem
1409 2810 1654 2886 protulit.
1688 2814 1870 2885 Atque
1903 2811 1973 2863 113
2006 2809 2232 2863 adversa

505 2909 814 2963 valetudine
839 2922 1147 2985 correptus,
1173 2932 1280 2964 11011
1305 2912 1486 2964 11111101*
1513 2914 1710 2964 Arsace
1738 2930 1967 2984 proaVO,
1995 2909 2230 2984 gloriosa

506 3023 783 3065 senectute
814 3010 1045 3064 decedit,
