2248 3697
540 243 984 286 HISTORIARL'M
1017 243 1130 285 LIB.
1169 243 1318 287 XXX.
1736 250 1790 293 At

75 351 342 414 cecinere,
377 351 593 402 «oriens
627 349 1000 400 Romanorum
1033 346 1354 419 imperium,
1385 360 1536 401 vetus
1576 352 1795 402 (ἐνεξου-

73 473 196 506 rum
229 473 290 507 ac
318 451 683 507 Macedonum
720 465 1061 506 voraturum.
1088 475 1113 501 ιι
1145 452 1373 504 Interim
1414 472 1443 504 a
1485 463 1676 505 senatu
1714 472 1795 504 rc-

73 555 297 630 pudiata
333 574 486 628 pace,
505 552 789 629 Philippus
822 555 876 607 in
907 554 1221 607 societatem
1248 549 1376 605 belli
1400 551 1582 606 Nabin
1613 565 1796 626 tyran-

75 676 205 708 num
232 652 500 707 sollicitat.
529 656 709 727 Atque
743 654 848 721 ita,
880 674 1051 728 quum
1088 654 1140 705 in
1174 651 1341 704 aciem
1372 651 1667 704 exercituin
1707 653 1790 704 in-

73 755 290 808 structis
313 774 341 807 e
363 752 576 807 diverso
604 753 854 808 hostibus
886 753 1259 827 produxisset,
1287 751 1498 805 hortari
1534 771 1658 803 suos
1697 772 1795 804 coe·

73 855 177 928 pit,
211 852 522 924 referendo,
559 856 817 923 «Persas,
850 856 1101 921 BactrOS,
1144 852 1444 926 Indosque,
1485 863 1538 904 et
1575 871 1791 905 omnem

74 956 286 1024 Asiam,
335 955 577 1010 Orientis
627 955 817 1024 finem,
876 976 902 1008 a
959 953 1352 1008 Macedonibus
1405 952 1796 1028 perdomitam3

75 1066 337 1129 tantoque
382 1054 576 1109 fortius
613 1055 717 1107 hoc
758 1053 989 1123 bellum,
1032 1074 1196 1128 quam
1239 1052 1355 1121 illa,
1390 1052 1797 1120 sustinendum,

74 1167 281 1227 quanto
317 1156 385 1208 sit
433 1152 652 1207 libertas
685 1154 913 1227 imperio
945 1154 1181 1206 carior.»
1224 1152 1328 1206 Sed
1372 1164 1423 1205 et
1463 1150 1798 1205 Flamininus

75 1274 334 1307 romanus
358 1252 575 1321 consul,
602 1250 866 1306 relatione
887 1273 1069 1306 rerum
1099 1252 1467 1306 recentissime
1496 1264 1767 1327 gestarum
1787 1295 1799 1319 ,

75 1373 199 1406 suos
224 1351 539 1407 stimulabat
564 1353 619 1406 in
643 1351 930 1428 proelium,
962 1351 1328 1422 ostendendo,
1359 1353 1535 1405 «Hinc
1568 1352 1799 1406 Cartha-

75 1453 257 1527 ginem
291 1473 414 1506 cum
454 1450 658 1521 Sicilia,
694 1452 820 1505 inde
870 1451 1082 1505 Italiam
1117 1464 1169 1505 et
1212 1452 1533 1527 Hispaniam
1574 1471 1797 1505 romana

77 1551 279 1605 virtute
321 1550 694 1626 perdomitas:
724 1572 823 1605 nec
864 1550 1190 1606 Annibalem
1229 1550 1450 1625 quidem
1487 1550 1798 1606 Alexandro

77 1653 281 1725 Magno
308 1650 777 1725 postponendum,
798 1672 907 1724 quo
926 1649 1080 1704 Italia
1113 1650 1296 1725 pulso,
1328 1651 1567 1705 Africam
1604 1653 1802 1726 ipsam,

78 1750 295 1803 tertiam·
311 1762 520 1825 partem
547 1748 764 1820 mundi,
793 1751 1186 1825 superaverint.
1209 1749 1312 1804 Sed
1342 1771 1439 1804 nec
1468 1750 1804 1806 Macedonas

75 1853 244 1903 veteri
280 1849 455 1920 fama,
491 1851 581 1904 sed
615 1851 972 1925 praesentibus
998 1851 1232 1919 viribus,
1260 1851 1604 1905 aestimandos
1635 1873 1645 1904 ε
1677 1853 1805 1926 quia

79 1972 188 2004 non
225 1972 351 2004 cum
386 1950 697 2006 Alexandro
727 1953 961 2026 Magno,
990 1971 1154 2025 quem
1192 1951 1457 2005 invictum
1488 1951 1801 2021 audierant,

78 2071 178 2105 nec
213 2071 337 2105 cum
375 2052 613 2105 exercitu
647 2052 795 2126 ejus,
833 2052 926 2126 qui
960 2063 1137 2104 totum
1178 2051 1460 2106 Orientem
1504 2052 1805 2120 devicerat,

78 2149 279 2204 bellum
328 2162 521 2224 gerant
568 2173 578 2205 τ
618 2150 710 2205 secl
762 2172 885 2204 eum
935 2149 1218 2226 Philippo,
1273 2171 1443 2225 puero
1502 2152 1806 2205 immaturae

79 2252 274 2320 aetatis,
311 2253 404 2326 qui
439 2253 594 2327 regni
632 2252 893 2305 terminos
929 2251 1187 2305 adversus
1238 2252 1497 2304 finitimos
1548 2272 1688 2327 aegre
1719 2251 1807 2305 de-

80 2350 293 2420 fendat,
338 2363 391 2405 et
437 2372 559 2405 cum
608 2351 691 2404 his
729 2351 1156 2419 Macedonibus,
1198 2352 1291 2425 qui
1332 2372 1443 2404 non
1483 2353 1556 2405 ita
1596 2352 1806 2427 pridem

81 2451 274 2526 praedae
312 2450 584 2506 Dardanis
614 2450 831 2504 fuerint.
865 2450 993 2504 Illos
1028 2452 1295 2525 majorum
1332 2450 1552 2520 decora,
1599 2472 1654 2505 se
1691 2472 1809 2505 suo-

81 2573 205 2605 rum
254 2550 491 2605 militum
538 2571 985 2605 commemorare.
1046 2552 1172 2605 Non
1222 2552 1366 2605 enini
1415 2549 1521 2604 alio
1566 2552 1806 2605 exercitu

82 2651 408 2709 Annibalem
448 2663 498 2705 et
531 2654 752 2719 Poenos,
782 2663 834 2704 et
867 2662 1041 2704 totum
1081 2651 1249 2704 ferme
1285 2650 1675 2719 Occidentem,
1718 2651 1809 2705 sed

83 2753 164 2806 his
200 2754 351 2828 ipsis,
387 2773 524 2826 quos
560 2752 613 2803 in
649 2751 760 2805 acie
801 2750 1027 2817 habeat,
1061 2749 1325 2804 militibus
1356 2751 1669 2804 subactos.»
1708 2752 1808 2805 His

86 2852 558 2907 adhortationibus
597 2851 853 2924 utrinque
892 2851 1151 2903 concitati
1181 2849 1402 2919 milites,
1441 2850 1634 2926 proelio
1679 2873 1808 2905 con-

85 2963 335 3020 currunt,
370 2950 524 3005 alteri
569 2951 835 3017 Orientis,
880 2948 1035 3003 alteri
1073 2948 1388 3004 Occidentis
1431 2951 1656 3025 imperio
1695 2950 1810 3026 glo-

83 3053 310 3118 riantes,
360 3052 701 3126 ferentesque
753 3052 807 3103 in
853 3049 1082 3119 bellum,
1128 3049 1217 3103 alii
1259 3050 1531 3124 majorum
1581 3073 1805 3105 suorum

85 3153 367 3225 antiquam
414 3163 466 3203 et
508 3150 802 3204 obsoletam
849 3149 1105 3226 gloriam,
1137 3148 1231 3203 alii
1277 3150 1539 3203 virentem
1585 3153 1809 3205 recenti-

90 3251 191 3305 bus
241 3251 625 3325 experimentis
677 3251 894 3304 virtutis
945 3249 1150 3303 florem.
1201 3249 1303 3303 Sed
1353 3249 1685 3304 Macedonas
1729 3274 1811 3304 ro·-
