2248 3697
379 314 403 343 2
412 314 436 341 2
1116 301 1141 342 J
1145 298 1356 343 USTINI

379 401 679 455 amicorum
720 397 776 451 in
810 398 1106 453 vindictam
1145 402 1333 475 patriae
1374 401 1642 454 hortatur.
1690 397 2087 453 Cunctantibus

378 499 596 573 privato
643 494 884 571 periculo
929 497 1210 572 publicum
1249 498 1430 569 finire,
1478 510 1531 552 et
1581 495 1913 551 deliberandi
1973 515 2091 569 spa-

377 597 515 649 tium
546 595 971 670 postulantibUS‚
1008 598 1274 652 arcessitis
1309 598 1509 666 servis,
1536 597 1691 670 jubet
1731 594 1971 650 obserari
2009 593 2091 646 fo·

376 715 490 764 reS,
521 706 862 771 tyrannoque
893 697 1160 765 nuntiari,
1195 697 1459 766 mitteret,
1479 697 1573 770 qui
1600 695 1910 768 conjuratos
1946 691 2091 766 apud

377 813 432 848 se
477 793 969 868 comprehenderet
1005 815 1017 846 z
1058 795 1335 868 objectans
1380 793 1629 868 singuliS‚
1673 813 1753 859 se,
1796 792 1923 866 quia
1957 789 2090 844 libe-

378 892 562 946 randae
595 894 782 966 patriae
819 904 1009 946 auctor
1048 912 1162 945 esse
1206 912 1318 945 non
1360 892 1560 965 possit,
1602 890 1823 943 desertae
1857 887 2092 942 ultorem

380 991 644 1046 futurum.
670 993 826 1045 Tunc
851 989 927 1043 illi
961 990 1186 1064 ancipiti
1217 987 1459 1064 periculo
1488 987 1878 1053 circumventi,
1901 987 2092 1040 hones-

381 1092 573 1144 tiorem
623 1090 767 1143 viam
822 1087 1109 1165 eligenteS,
1157 1088 1449 1162 conjurant
1494 1087 1551 1140 in
1600 1085 1816 1161 tyranni
1862 1104 2094 1139 necem:

381 1202 543 1264 atque
590 1190 666 1243 ita
708 1188 1087 1256 AristotimuS‚
1132 1187 1352 1261 quinto,
1411 1197 1700 1260 postquam
1750 1182 2098 1260 tyrannidem

382 1299 777 1364 occupaverat,
813 1305 1024 1355 mense,
1057 1286 1404 1362 opprimitur.

460 1390 530 1442 II.
561 1390 774 1441 Interea
813 1386 1122 1460 Antigonus
1149 1405 1319 1459 quum
1352 1382 1643 1459 multiplici
1680 1381 1851 1446 bello,
1881 1395 1935 1436 et
1969 1385 2100 1437 Pto-

385 1485 556 1541 lemaei
612 1487 785 1562 regis,
829 1497 883 1538 et
941 1486 1336 1558 Spartanorum
1390 1494 1763 1557 premeretur,
1818 1502 2102 1556 novusque

385 1583 463 1639 illi
511 1585 682 1639 hostis
723 1582 1157 1639 Gallo-Graeciae
1202 1582 1469 1636 exercitus
1514 1580 1839 1648 affluxisset,
1880 1583 1937 1635 in
1984 1601 2103 1656 spe-

387 1686 526 1739 ciem
569 1696 873 1738 castrorum
915 1704 1081 1758 parva
1125 1704 1288 1737 manu
1333 1683 1589 1738 adversus
1640 1696 1848 1738 ceteros
1890 1680 2103 1750 relicta,

386 1782 642 1837 adversus
675 1781 861 1838 Gallos
900 1782 1028 1836 totis
1076 1784 1283 1837 viribus
1329 1783 1709 1859 proficiscitur.
1752 1782 1969 1853 Quibus
2016 1801 2105 1835 co-

387 1883 575 1958 gnitiS‚
610 1880 754 1938 Galli
791 1902 960 1956 quum
994 1894 1045 1936 et
1083 1884 1185 1957 ipsi
1233 1902 1287 1937 se
1323 1882 1514 1957 proelio
1551 1893 1842 1957 pararent,
1891 1882 1947 1934 in
1984 1900 2106 1934 aus-

386 1982 528 2057 picia
549 2001 745 2056 pugnae
769 1981 972 2036 hostias
995 1981 1209 2036 caedunt
1236 2003 1247 2035 ε
1273 2002 1507 2056 quarum
1529 1982 1691 2037 exstis
1711 2001 1882 2056 quum
1906 2000 2106 2054 magna

387 2079 557 2134 caedes
576 2123 589 2148 ,
617 2080 978 2155 interitusque
1006 2082 1254 2135 omnium
1279 2080 1687 2156 praediceretur,
1719 2101 1830 2134 non
1864 2080 1919 2132 in
1951 2080 2107 2132 timo-

389 2200 534 2241 rem,
565 2178 657 2232 sed
687 2179 742 2232 in
781 2179 1021 2235 furorem
1048 2182 1216 2251 versi,
1247 2190 1632 2255 sperantesque
1673 2179 1901 2235 deorum
1933 2178 2108 2233 minas

390 2279 594 2354 expiari
628 2278 769 2333 caede
786 2299 1009 2334 suorum
1040 2300 1223 2354 posse,
1257 2280 1515 2355 conjuges
1534 2292 1587 2334 et
1616 2278 1813 2334 liberos
1838 2300 1964 2333 suos
1994 2290 2108 2332 tru-

392 2378 598 2445 cidant,
629 2378 871 2454 auspicia
902 2376 1027 2433 belli
1061 2399 1092 2432 a
1122 2378 1416 2455 parricidio
1449 2380 1782 2454 incipientes,
1814 2381 1987 2433 Tanta
2023 2398 2110 2431 ra-

393 2478 504 2531 bies
540 2476 681 2531 feros
718 2478 926 2532 animos
971 2479 1262 2547 invaserat,
1309 2490 1370 2532 ut
1419 2499 1528 2532 non
1592 2489 1876 2554 parcerent
1930 2479 2108 2548 aetati,

395 2578 483 2630 cui
525 2577 685 2630 etiam
720 2577 902 2630 hostes
937 2578 1324 2652 pepercissent,
1361 2576 1674 2653 bellumque
1713 2577 2111 2631 internecivum

398 2695 523 2729 cum
554 2674 767 2744 liberis,
805 2674 1213 2750 liberorumque
1243 2678 1510 2731 matribus
1546 2687 1790 2752 gererent
1815 2719 1828 2746 ⁷
1858 2696 1956 2750 pro
1990 2677 2110 2749 qui-

398 2775 498 2829 bus
534 2773 675 2829 bella
709 2775 907 2850 suscipi
936 2775 1126 2830 solent.
1163 2778 1352 2850 Itaque
1385 2777 1539 2851 quasi
1574 2774 1774 2829 scelere
1802 2776 1969 2829 vitam
2000 2775 2110 2828 vic-

399 2875 704 2949 toriamque
755 2873 1135 2942 redemissent,
1171 2878 1308 2929 sicut
1347 2886 1502 2929 erant
1546 2875 1757 2928 cruenti
1800 2894 1863 2927 ex
1909 2877 2110 2928 recenti

402 2995 627 3028 suorum
669 2973 844 3043 caede,
896 2975 950 3026 in
980 2972 1233 3049 proelium
1276 2995 1385 3028 non
1433 2972 1654 3027 meliore
1683 2986 1912 3041 eventu,
1943 2994 2106 3047 quain

403 3073 606 3141 omine,
643 3070 1066 3147 proficiscuntur
1101 3093 1111 3124 :
1147 3071 1412 3145 siquidem
1439 3084 1771 3147 pugnantes,
1806 3073 1956 3147 prius
1983 3093 2109 3148 par-

405 3171 722 3225 ricidiorum
747 3169 927 3240 furiae,
949 3192 1112 3245 quam
1143 3173 1350 3239 hostes,
1371 3171 1798 3239 circumvenere3
1818 3173 2112 3225 obversan-

407 3271 656 3343 tibusque
677 3282 801 3324 ante
822 3269 1007 3325 oculos
1028 3270 1278 3325 manibus
1306 3271 1784 3344 interemptorum,
1812 3291 1997 3326 omncs
2023 3291 2113 3325 oc-
