2248 3697
572 200 1014 245 HISTORIARUM
1043 201 1157 243 LIB.
1193 201 1361 244 XXVI.
1769 215 1793 241 2
1803 197 1825 239 3

111 305 331 360 cidione
373 307 509 361 caesi.
546 306 722 358 Tanta
756 314 962 377 strages
1006 302 1133 372 fuit,
1166 315 1226 356 ut
1256 304 1458 377 pariter
1492 322 1619 357 cum
1654 302 1830 356 homi-

112 403 270 460 nibus
302 404 376 459 dii
422 405 756 459 consensisse
790 404 846 458 in
877 403 1104 457 exitium
1138 401 1535 476 parricidarum
1575 401 1828 456 videren-

111 515 213 558 tur.
242 507 369 559 Post
400 504 562 580 hujus
581 524 779 579 pugnae
810 515 1098 572 eventum,
1116 499 1439 555 Ptolemaeus
1466 513 1519 555 et
1547 504 1830 577 Spartani,

112 605 370 657 victorem
403 603 643 658 hostium
690 603 989 657 exercitum
1024 599 1382 669 declinanteS,
1428 601 1484 653 in
1522 603 1724 655 tutiora
1778 623 1832 657 se

112 703 402 777 recipiunt.
439 704 750 779 Antigonus
785 722 1035 778 quoque,
1073 700 1168 755 ubi
1200 720 1394 754 eorum
1432 699 1727 755 discessum
1758 704 1832 756 vi-

112 801 234 870 det,
264 803 467 857 recenti
507 802 686 858 adhuc
726 823 791 857 ex
824 802 996 879 priori
1043 800 1274 855 victoria
1315 798 1552 853 militum
1606 801 1831 871 ardore,

114 899 322 955 bellum
356 902 783 960 Atheniensibus
827 901 1006 956 infert.
1053 905 1117 956 In
1162 920 1271 976 quo
1321 920 1491 975 quum
1532 913 1833 974 occupatus

110 1013 274 1069 esset,
310 1003 530 1057 interim
564 1002 902 1071 Alexander,
933 1023 1027 1056 rex
1054 1002 1231 1076 Epiri,
1264 998 1450 1054 ulcisci
1486 1012 1720 1054 mortem
1750 1022 1836 1075 pa-

113 1101 208 1155 tris
237 1101 434 1176 Pyrrhi
472 1102 720 1176 cupienS,
755 1101 890 1155 fines
926 1100 1263 1155 Macedoniae
1302 1098 1685 1174 depopulatur.
1721 1101 1834 1156 Ad-

110 1220 298 1254 versus
329 1220 492 1274 quem
524 1220 696 1274 quum
726 1218 976 1255 reversus
1006 1221 1036 1255 a
1068 1200 1282 1255 Graecia
1315 1200 1628 1275 Antigonus
1665 1214 1834 1270 esset,

111 1299 435 1353 transitione
462 1298 701 1354 militum
732 1299 1025 1354 destitutus
1045 1343 1059 1369 ,
1094 1320 1325 1375 regnum
1354 1298 1689 1355 Macedoniae
1711 1322 1833 1355 cuin

110 1400 350 1454 exercitu
386 1401 603 1454 amittit.
636 1401 815 1475 Hujus
840 1399 982 1455 filius
1004 1401 1320 1455 Demetrius
1348 1421 1487 1475 puer
1515 1400 1831 1471 admodum,

113 1500 333 1553 absente
364 1511 544 1574 patre,
591 1511 843 1574 reparato
890 1499 1164 1570 exercitii,
1207 1520 1318 1553 non
1366 1499 1542 1554 solum
1583 1502 1834 1555 amissam

112 1597 493 1652 Macedoniam
524 1599 750 1672 recepit,
781 1619 971 1651 verum
1009 1600 1173 1652 etiam
1208 1600 1361 1673 Epiri
1397 1621 1567 1675 regno
1601 1599 1834 1654 Alexan-

111 1696 272 1751 drum
305 1695 518 1771 spoliat.
555 1699 733 1751 Tanta
764 1696 848 1750 vel
881 1695 1155 1752 mobilitas
1180 1697 1419 1752 militum
1440 1742 1453 1768 ,
1486 1697 1569 1752 vel
1600 1699 1834 1753 fortunae

111 1797 339 1850 varietas
365 1808 513 1867 erat,
545 1808 607 1850 ut
640 1797 874 1850 vicissim
905 1817 1084 1873 regeS,
1119 1818 1266 1851 nunc
1301 1796 1535 1869 exsuleS,
1573 1821 1719 1854 nunc
1755 1822 1834 1854 re-

112 1918 204 1971 ges
239 1896 574 1950 viderentur.

192 1998 292 2050 ΠΙ.
316 1997 493 2072 Igitur
516 1995 847 2068 Alexander,
881 2018 1052 2072 quum
1082 1998 1234 2052 exsul
1264 1998 1330 2052 ad
1355 2001 1670 2055 Acarnanas
1704 2022 1835 2056 con-

112 2095 366 2171 fugisset,
418 2117 529 2150 non
580 2097 792 2151 minore
833 2098 1188 2172 Epirotarum
1239 2098 1508 2155 desiderio
1541 2122 1706 2175 quam
1754 2124 1829 2156 so·

112 2198 323 2249 ciorum
359 2194 596 2264 auxilio,
634 2198 688 2250 in
727 2217 959 2273 regnum
1006 2199 1333 2252 restituitur.
1375 2203 1479 2254 Per
1519 2200 1660 2254 idem
1706 2214 1834 2257 tem-

113 2317 215 2371 pus
233 2338 246 2360 ‚
280 2316 375 2349 rex
409 2298 751 2371 Cyrenarum
772 2299 962 2373 Magas
992 2297 1207 2351 decedit
1239 2319 1250 2352 ε
1279 2300 1373 2373 qui
1397 2313 1521 2354 ante
1549 2301 1835 2356 infirmita-

111 2409 247 2463 tem,
283 2397 577 2450 Berenicen
611 2398 827 2450 unicam
863 2395 1061 2468 filiam,
1099 2397 1165 2450 ad
1200 2398 1439 2453 finienda
1486 2421 1611 2455 cum
1649 2401 1834 2456 Ptole-

115 2518 248 2551 maeo
278 2495 447 2550 fratre
486 2496 811 2565 certamina,
842 2495 955 2550 filio
997 2498 1111 2572 ejus
1158 2498 1539 2575 desponderat.
1578 2501 1679 2554 Sed
1716 2515 1834 2576 post

111 2609 344 2651 mortem
370 2597 538 2672 regis,
575 2608 749 2649 mater
778 2597 1004 2672 virginis
1038 2598 1295 2666 Arsinoe,
1330 2612 1390 2652 ut
1419 2600 1592 2653 invita
1622 2622 1676 2655 se
1707 2623 1836 2656 con-

111 2707 352 2749 tractum
389 2695 802 2749 matrimonium
844 2693 1107 2766 solveret,
1140 2697 1317 2766 misit,
1354 2700 1446 2772 qui
1496 2699 1561 2753 ad
1613 2703 1834 2775 nuptias

113 2796 368 2871 virginis,
415 2815 759 2870 regnumque
795 2796 1163 2868 Cyrenarum,
1202 2799 1574 2867 Demetrium,
1613 2800 1832 2856 fratrem

113 2896 252 2969 regis
283 2895 573 2970 Antigoni,
598 2916 626 2948 a
650 2893 975 2948 Macedonia
1003 2909 1336 2950 arcesserent
1370 2918 1379 2949 :
1417 2899 1507 2971 qui
1539 2912 1589 2952 et
1624 2901 1736 2975 ipse
1770 2923 1832 2956 ex

114 2993 224 3046 filia
255 2992 530 3048 Ptolemaei
564 3006 880 3069 procreatus
917 3004 1047 3046 erat.
1091 2993 1195 3047 Sed
1233 3016 1332 3048 nec
1366 2999 1678 3052 Demetrius
1718 3022 1831 3055 mo-

114 3115 229 3147 ram
283 3092 418 3146 fecit.
473 3095 663 3168 Itaque
711 3114 913 3167 quum,
965 3093 1297 3147 secundante
1340 3109 1526 3165 vento,
1582 3096 1828 3155 celeriter

114 3197 355 3268 Cyrenas
407 3191 731 3259 advolasset,
777 3191 973 3246 fiducia
1016 3191 1470 3267 pulchritudiniS,
1518 3217 1624 3270 qua
1673 3201 1830 3254 nimis
