2315 3868
649 328 980 373 fflsTomAs
1019 329 1408 373 PHILIPPICAS.
1803 329 1889 388 189

170 434 214 467 et
247 426 454 469 seniores
489 441 650 469 omnes
693 427 740 467 in
777 425 915 467 armis
949 440 1044 467 esse
1070 426 1320 483 oportebat
1360 443 1369 468 :
1414 441 1520 470 nam
1564 426 1728 484 gallica
1753 436 1890 484 gente.

172 503 295 561 nulla
327 518 520 560 usquam
556 502 780 546 Romanis
816 510 912 543 erat
942 501 1301 545 formidabilior.
1325 504 1592 547 »Gnffivms

236 582 275 620 Α
308 580 545 637 Bitlzym'oe
581 594 701 638 rege.
735 577 1014 631 Nicomede3
1044 592 1140 619 non
1170 577 1399 635 Eumene,
1423 588 1472 621 ut
1497 580 1587 623 alii.

237 656 383 698 Parta
422 656 631 697 victoria.
669 652 854 697 Scilicet
882 652 942 695 dev
969 652 1043 695 illa
1076 651 1382 712 Bithynorum
1419 653 1646 711 factione,
1685 673 1783 715 quae
1813 658 1887 701 Zi-

168 739 302 788 poetae
331 731 511 774 addicta
540 739 646 773 erat.

240 807 343 849 CAP.
378 808 463 849 III.
498 810 541 848 Α
577 807 736 848 Poenis
773 809 934 850 mwalc'
952 807 1126 867 proelio
1157 808 1317 849 m'ctuS.
1352 806 1453 849 Hoc
1491 807 1660 851 referre
1689 809 1890 854 debebat

169 884 375 926 ,lustinus
409 899 542 941 supra
581 899 736 939 ΧΧΠΙ,
767 885 818 939 33
845 886 924 929 sed
959 884 1199 927 oblivione
1228 883 1459 942 praeteriit.
1491 883 1610 927 Vide
1641 888 1889 929 ΑΡΡιΑΝυΜ

167 960 214 1002 in
248 960 535 1011 Samniticis,
564 963 586 1013 ξ
621 975 687 1003 19..

234 1039 337 1080 (ἶΑΡ.
376 1039 455 1080 IV.
483 1037 831 1080 Mas-seniorum.
859 1038 948 1081 Sed
983 1037 1058 1079 alii
1090 1036 1301 1079 historici
1329 1037 1584 1081 Messenios
1616 1047 1661 1081 et
1694 1038 1889 1096 Argivos

171 1113 290 1157 inter
325 1114 657 1172 Sparzanorum
689 1114 860 1157 auxilia
896 1121 1197 1167 enumerant,
1226 1121 1275 1154 ut
1307 1115 1527 1168 Pausan.,
1564 1130 1603 1168 1,
1644 1113 1714 1157 13.

241 1190 404 1233 Urbem
436 1190 723 1246 Corcyram...
752 1191 936 1247 ceperit.
965 1191 1020 1231 In
1053 1189 1144 1231 alio
1172 1189 1260 1231 hoe
1285 1189 1453 1231 factum
1487 1205 1583 1232 esse
1602 1190 1741 1233 debet
1764 1191 1890 1233 bello

169 1277 308 1325 atque
327 1282 407 1319 eo,
439 1267 566 1324 quod
584 1267 803 1308 novimus
828 1282 886 1308 ex
904 1268 1094 1308 Pansan.
1113 1299 1124 1318 ,
1142 1281 1185 1320 1,
1222 1281 1239 1307 1
1256 1281 1272 1307 1
1297 1274 1340 1307 et
1371 1280 1448 1319 12,
1479 1275 1526 1307 ut
1558 1283 1613 1309 ex
1634 1267 1893 1310 chronolo-

171 1343 245 1401 gia
277 1352 492 1400 apparet3
519 1342 600 1385 sed
630 1342 910 1399 scriptorum
936 1341 1151 1384 interitus
1179 1340 1273 1397 ejus
1291 1342 1565 1384 memoriam
1589 1344 1890 1387 oblitteravit.

665 1463 668 1466 ⁴
706 1494 778 1537 IN
814 1494 1095 1536 LIBRUM
1133 1495 1331 1537 XXVI.

235 1632 387 1673 Multo
413 1631 545 1688 plura
578 1628 653 1672 hic
688 1629 934 1687 Pompeius
960 1628 1007 1671 in
1041 1629 1225 1688 integro
1257 1645 1399 1688 opere
1427 1631 1618 1674 :confer
1642 1634 1890 1691 Prologum

168 1724 270 1751 cum
304 1706 574 1751 narratione
607 1706 790 1748 Justini.
822 1706 893 1748 De
928 1705 1009 1760 iis,
1043 1721 1140 1763 quae
1175 1715 1353 1749 servata
1383 1715 1513 1761 sunt,
1553 1707 1771 1767 praecipui
1805 1726 1891 1752 au-

167 1795 319 1828 ctores
360 1782 631 1826 Plutarchus
660 1791 704 1824 et
740 1782 1010 1837 Pausanias,
1048 1782 1129 1824 sed
1158 1783 1208 1824 hi
1239 1782 1390 1825 fontes
1427 1798 1531 1826 suos
1563 1784 1610 1826 in
1650 1785 1720 1827 his
1754 1787 1892 1829 rebus

167 1877 262 1903 non
297 1859 579 1902 indicarunt.

232 1938 336 1980 CAP.
362 1937 397 1979 I.
442 1936 714 1993 Occupatur.
751 1935 1017 1978 Auxiliante
1049 1935 1223 1979 seilicet
1254 1935 1509 1994 Antigono.

231 2015 336 2058 CAP.
363 2013 426 2055 II.
446 2013 603 2065 Bello,
633 2022 675 2054 et
699 2012 1102 2071 Ptolemoec'regiS,
1130 2023 1172 2055 et
1191 2012 1533 2071 Spareanorum.
1554 2014 1891 2073 Intelligendus

164 2106 262 2134 non
309 2097 401 2143 est,
442 2104 542 2130 cum
583 2087 840 2130 novissimo
885 2087 1087 2142 editore,
1120 2090 1391 2132 Ptolemaeus
1423 2090 1585 2149 Pyrrhi
1620 2088 1765 2146 filius,
1795 2092 1892 2148 jam

166 2175 270 2210 ante
302 2173 483 2223 patrem
524 2172 756 2217 mortuus,
789 2164 870 2206 sed
900 2180 980 2206 rex
1022 2166 1237 2223 AEgypti,
1268 2165 1563 2224 Philadelphi
1595 2168 1890 2226 cognomine.

165 2245 256 2286 Res
297 2249 449 2283 autem
496 2240 560 2283 sic
590 2248 717 2298 gesta
747 2249 828 2283 est.
862 2240 1153 2299 Antigonus,
1191 2242 1299 2285 dum
1346 2251 1451 2300 post
1486 2252 1684 2287 mortem
1728 2246 1891 2303 Pyrrhi

167 2318 258 2381 (ut
302 2317 456 2360 verbis
503 2316 694 2374 Prologi
735 2316 871 2377 utar)
938 2318 984 2359 in
1039 2318 1219 2359 urbibus
1269 2319 1470 2361 Groecc'oe
1519 2320 1885 2364 domistationem

164 2393 494 2446 constituebat,
540 2393 636 2436 sive
675 2393 831 2451 potius
870 2394 1159 2438 instaurabat
1203 2404 1246 2437 et
1292 2394 1574 2453 amplificare
1626 2397 1890 2452 nitebatur,

164 2473 367 2516 Athenas
396 2470 535 2512 etiam
561 2478 684 2513 terra
717 2470 926 2528 marique
956 2486 1197 2529 aggressus
1223 2481 1288 2514 est
1316 2489 1323 2514 :
1356 2472 1446 2515 hoc
1475 2473 1640 2516 nuntio
1676 2474 1816 2516 allato
1847 2483 1892 2516 et

164 2549 438 2591 Ptolemaeus
476 2562 577 2588 cum
625 2546 766 2588 classe
802 2554 846 2589 et
890 2548 1232 2590 Lacedaemonii
1272 2563 1373 2590 cnm
1408 2550 1624 2592 omnibus
1664 2550 1810 2607 copiis
1841 2550 1889 2593 in

164 2623 386 2668 auxilium
414 2622 780 2666 Atheniensibus
804 2633 1036 2666 venerunt
1067 2640 1076 2666 :
1102 2624 1211 2667 inde
1242 2624 1291 2667 id
1310 2625 1480 2668 bellum
1506 2627 1750 2684 Antigono
1773 2642 1889 2670 con-

163 2699 323 2742 flatum
356 2707 436 2742 est.

235 2774 607 2820 Gallo-Groecioe
621 2776 862 2820 eoeercitus.
882 2776 1170 2835 Depravavit
1187 2777 1481 2823 hieJustinus
1507 2781 1717 2838 Pompeii
1743 2783 1889 2841 Trogi

164 2851 495 2895 narrationem.
521 2851 588 2893 Ex
614 2850 668 2893 iis
694 2851 838 2905 enim,
865 2867 962 2910 quae
990 2868 1101 2905 XXV,
1128 2867 1181 2908 2,
1206 2853 1252 2895 in
1284 2852 1377 2898 fine
1402 2856 1628 2910 vidimus,
1661 2858 1887 2916 epitoma-

162 2938 237 2971 tor
270 2927 359 2971 sibi
392 2936 707 2985 persuaserat,
740 2929 898 2971 Gallos
935 2929 985 2971 in
1016 2930 1204 2988 Europa
1239 2939 1339 2974 tum
1371 2948 1468 2975 non
1493 2933 1690 2990 amplius
1722 2950 1887 2994 snper—

164 3005 326 3058 fuisse,
351 3019 512 3046 verum
551 3004 631 3062 qui
653 3013 759 3062 post
792 3020 844 3048 ea
876 3013 1086 3063 tempora
1113 3006 1181 3049 ibi
1205 3008 1538 3065 pugnaverint,
1564 3009 1806 3054 advenisse
1830 3028 1890 3055 ex

163 3081 520 3125 Gallo—Graecia.
553 3084 609 3124 At
640 3081 910 3140 Pompeius,
946 3090 1166 3140 quantum
1203 3084 1388 3141 quidem
1418 3085 1620 3144 intelligi
1644 3095 1800 3145 potest
1830 3104 1887 3132 ex

161 3157 391 3215 Prologo‚
420 3172 499 3200 eos
530 3172 627 3200 non
660 3158 1048 3211 Gallo-Groeoes,
1084 3159 1165 3202 sed
1188 3169 1312 3204 recte
1348 3162 1512 3206 Gallos
1545 3172 1814 3219 vocaverat,
1843 3175 1888 3207 et

161 3233 322 3276 Gallos
345 3232 598 3288 defectores
628 3250 642 3275 :
670 3233 719 3276 in
743 3233 881 3278 fidem
916 3234 1058 3293 igitur
1082 3246 1126 3279 et
1158 3237 1425 3281 societatem
1454 3239 1513 3282 ab
1542 3240 1784 3298 Antigono
1815 3257 1885 3284 re-

161 3309 282 3366 cepti
333 3309 473 3352 fuisse
520 3308 751 3352 videntur.
807 3311 1020 3354 Habebat
1070 3321 1221 3355 autem
1263 3313 1357 3369 jam
1401 3315 1600 3373 Pyrrhus
1643 3317 1883 3360 Gallorum
