2315 3868
757 353 1001 395 LIBRUM
1041 353 1244 396 XXXII.
1783 367 1798 393 1
1814 349 1869 394 35

137 463 239 498 est:
276 456 585 514 compositum
615 465 682 499 est
714 455 836 498 enim
871 471 894 496 a
926 462 1060 516 μάχῃ,
1093 469 1277 513 pugna,
1323 465 1492 517 μαχοίω,
1522 471 1710 515 pugnax
1747 470 1869 507 esse,

136 541 181 574 ct
208 542 323 591 παῖς,
347 548 461 590 puer
477 566 489 586 ‚
515 532 643 590 quod
669 540 736 574 est
758 531 898 589 pueri
929 530 1159 582 bellc‘cosz‘5
1184 531 1308 573 unde
1337 532 1633 576 scribendum
1658 541 1726 576 est
1762 533 1868 573 lb'a—

137 608 344 661 chabrel,
380 625 476 651 non
505 616 657 652 autem
690 606 1016 660 Macclzaboei,
1048 622 1133 650 nec
1158 607 1459 651 Mace-habel:
1479 609 1553 652 Sic
1578 611 1772 668 Bagoas
1796 609 1868 651 vel

136 687 365 744 Bag-aeus,
394 701 418 727 a
441 693 537 738 παῖς
555 693 599 727 et
619 691 749 746 γυιάς,
773 683 1040 738 morbidus,
1063 691 1204 746 -ίυιόω,
1230 699 1428 738 enervo,
1456 684 1577 728 vires
1602 685 1749 739 elido,
1776 685 1869 727 sor-

134 770 307 804 matum
336 769 423 814 est,
452 762 750 820 Bagoeusqne
784 775 869 818 per
903 776 975 813 oe,
1002 775 1099 803 non
1128 769 1281 803 autem
1309 775 1394 819 per
1420 776 1488 814 oe,
1524 760 1835 803 scribendum.

198 836 496 879 Insularium.
535 838 777 880 Insulares
812 845 948 879 vocat
985 835 1190 879 Justinus
1226 836 1387 895 templi
1432 836 1671 891 custodes,
1713 845 1755 879 et
1791 852 1868 880 ac-
1916 854 1920 858 ·

133 914 270 956 colas.
297 913 491 971 Templa
518 913 668 968 enim,
694 913 756 956 ait
779 913 996 968 Vossius,
1024 922 1068 956 et
1084 912 1212 968 fana,
1238 914 1432 972 locaque
1461 922 1661 967 secreta,
1692 913 1867 955 insulas

132 989 382 1047 appellari,
409 1005 548 1033 nemo
583 990 742 1033 nescit.
777 990 851 1034 Sic
886 990 1059 1049 Delphi
1088 991 1240 1034 insula
1266 1007 1292 1035 a
1321 990 1600 1050 quibusdam
1633 989 1863 1033 dicuntur.

132 1086 150 1103 «
180 1065 286 1108 Haec
320 1065 611 1123 conjectura,
650 1067 780 1110 addit
819 1067 875 1110 V.
914 1067 980 1110 Cl.
1016 1067 1254 1120 Lemaire,
1299 1066 1603 1112 confirmatur
1636 1082 1730 1110 uno
1761 1066 1863 1109 cod.

131 1142 380 1199 Bongars.,
411 1142 537 1199 cujus
561 1144 713 1201 glossa
741 1144 994 1186 incolarum
1019 1159 1181 1187 omnes
1212 1144 1317 1188 edd.
1350 1144 1610 1203 occupavit.
1633 1163 1651 1182 »
1668 1169 1733 1176 --
1750 1143 1866 1186 Inde

130 1218 287 1261 forsan
321 1219 550 1272 Orcades,
589 1219 748 1263 insulae
766 1219 1040 1274 Britanniae,
1067 1221 1127 1263 ab
1154 1229 1288 1283 ὀργάς,
1312 1224 1446 1277 -άδος,
1463 1222 1592 1264 lucus
1610 1220 1699 1263 deo
1725 1234 1862 1263 sacer.

195 1297 299 1338 CAP.
320 1296 408 1337 III.
439 1297 637 1338 Brenno.
671 1295 787 1337 Vide
811 1310 978 1352 supra,
1003 1295 1084 1338 lib.
1106 1311 1247 1350 xxlv,
1279 1312 1315 1338 c.
1345 1295 1396 1350 5,
1431 1297 1610 1356 Belgio.

202 1371 456 1429 Tectosagi.
495 1378 766 1433 Τεκτοσάγες,
797 1370 953 1414 Plinio
989 1379 1034 1414 et
1066 1371 1312 1423 Straboni,
1347 1372 1509 1416 Galliae
1543 1372 1864 1416 Narbonensis

128 1446 291 1506 populi
323 1456 441 1490 sunt.
483 1448 728 1507 Tectosagi
745 1457 850 1491 sunt
876 1450 1058 1507 Trogo,
1082 1464 1241 1492 xxxn.
1268 1450 1441 1492 Eorum
1466 1449 1603 1504 urbs,
1629 1449 1753 1508 apud
1768 1449 1837 1492 Pli

126 1523 275 1578 nium,
318 1525 488 1567 Tolosa
525 1532 733 1567 vocatur.
784 1524 987 1579 Quidam
1037 1527 1315 1585 Teutosages
1363 1528 1544 1584 legunt,
1594 1527 1674 1569 sed
1721 1527 1862 1580 male,

129 1600 253 1658 apud
285 1600 565 1657 Ausonium,
601 1600 650 1642 in
689 1600 1017 1658 Descriptione
1056 1602 1305 1645 Narbonae.
1347 1603 1606 1655 Tectosax,
1635 1608 1862 1659 Τεκτόσαξ,

126 1692 325 1720 numero
350 1676 597 1735 singulari,
620 1677 762 1720 habet
790 1678 1066 1735 Stephanus.
1087 1679 1218 1721 Idem
1242 1679 1551 1722 multitudinis
1570 1679 1708 1722 etiam
1742 1680 1859 1721 Teo--

129 1763 321 1812 losagoe.
359 1754 516 1795 Volcoe
548 1754 829 1812 Tectosages
857 1753 1046 1797 Caesaris
1075 1755 1335 1798 Germaniae
1364 1756 1529 1813 populi
1554 1764 1659 1798 sunt
1688 1756 1861 1799 circum

129 1827 410 1887 Hercyniam
448 1829 646 1887 sylvam,
676 1828 803 1885 cujus
838 1830 965 1888 sylva
1002 1831 1230 1884 Bacenis,
1266 1847 1354 1889 pro
1385 1833 1655 1884 Bascaenis,
1694 1848 1716 1873 a
1759 1839 1858 1888 βασ-

124 1912 271 1961 καίνω,
301 1904 500 1959 fascino,
535 1913 632 1948 erat
657 1920 764 1963 pars
797 1905 963 1964 aliqua.
1003 1906 1049 1946 V
1043 1908 1161 1950 οἷαι)
1184 1907 1324 1966 igitur
1355 1923 1529 1951 nomen
1561 1907 1683 1951 nacti
1707 1916 1810 1950 sunt
1835 1925 1856 1949 a

125 1996 275 2035 graeco
310 1989 465 2043 φολκός,
498 1981 702 2037 strabus,
727 1981 806 2039 qui
840 1982 1015 2026 habent
1040 1984 1198 2026 oculos
1227 1983 1471 2039 distortos,
1495 1992 1540 2027 et
1575 1983 1675 2027 visu
1694 1982 1854 2041 fasci-

121 2068 256 2111 nant,
281 2067 327 2100 ut
345 2058 520 2113 Illy-rii,
541 2066 656 2101 teste
675 2057 850 2112 Plinio,
875 2073 969 2113 v11,
991 2073 1048 2102 22
1062 2092 1074 2113 ,
1088 2059 1148 2102 ab
1171 2067 1292 2117 ἰλλός,
1306 2060 1500 2114 strabuS‚
1525 2068 1673 2118 ἰλλίζω,
1688 2059 1856 2103 distor-

122 2135 178 2177 tis
196 2135 344 2179 oculis
363 2135 553 2193 aspicio,
571 2144 619 2178 ut
636 2151 758 2178 nunc
777 2135 1008 2188 Boelzenn‘,
1029 2136 1162 2194 vagi,
1182 2152 1206 2180 a
1225 2138 1376 2190 Boiis,
1399 2138 1476 2195 qui
1490 2139 1666 2196 sylvam
1684 2139 1855 2197 Hercy-

123 2211 248 2254 niam
293 2227 479 2270 quoque
525 2212 820 2266 incolebant,
857 2213 1071 2267 oriundi,
1100 2223 1207 2271 post
1240 2214 1546 2257 Boiohemum
1584 2214 1756 2258 dictam
1794 2215 1854 2258 ab

121 2286 256 2345 ipsis,
271 2296 316 2330 et
346 2288 480 2350 αἷμος,
504 2288 691 2343 dumus,
709 2303 787 2331 seu
804 2290 1004 2331 Deserta
1019 2290 1264 2343 Boiorum;
1284 2292 1514 2348 Hercynia
1530 2292 1602 2334 vel
1627 2293 1850 2349 Orcynia,

123 2378 209 2421 pro
238 2361 531 2421 Phorcynia,
559 2381 582 2406 a
607 2372 755 2427 φορχίς,
788 2366 1037 2420 unoculus,
1063 2367 1239 2422 luscus,
1257 2367 1379 2410 unde
1404 2367 1647 2425 Phorcyn,
1682 2376 1826 2430 Φόρκυν
1844 2409 1853 2419 ,

120 2448 251 2498 pater
281 2442 584 2498 Gorgonum,
618 2456 716 2498 quae
744 2440 941 2484 vicissim
976 2458 1068 2485 uno
1099 2444 1235 2486 oculo
1271 2444 1539 2498 utebantur,
1576 2446 1851 2503 Tectosages

122 2530 233 2559 vero
272 2532 296 2560 a
332 2524 513 2579 τεγχτοί,
546 2516 701 2572 tincti,
731 2516 781 2559 id
814 2526 881 2560 est
913 2519 1117 2572 lustrati,
1141 2518 1398 2577 purificati,
1423 2520 1618 2578 expiati,
1653 2529 1697 2564 et
1729 2529 1853 2583 ἁγεῖς,

120 2602 301 2648 sontes,
338 2608 506 2651 nempe
541 2609 701 2636 aurum
736 2593 987 2652 sacrilegiis
1032 2596 1278 2652 quaesitum
1316 2597 1573 2655 mergendo
1610 2598 1673 2639 in
1704 2599 1852 2640 lacum

128 2671 338 2723 Tolosae,
380 2685 459 2712 seu
488 2670 654 2712 rectius
688 2670 936 2723 Tholosoe,
971 2687 997 2714 a
1031 2681 1179 2729 θολόω,
1219 2673 1440 2732 inquino,
1477 2684 1659 2732 θόλωσις,
1691 2675 1850 2733 inqui-

118 2746 271 2801 natio,
297 2754 426 2803 θολός,
465 2746 648 2801 sordes,
695 2750 891 2805 θολώὸης,
922 2763 1056 2791 cceno
1096 2748 1286 2792 turbido
1327 2752 1489 2808 plenus
1518 2786 1530 2806 ,
1554 2753 1849 2810 inquinatus,

121 2822 183 2864 sic
217 2822 351 2865 dictae
380 2823 443 2865 ob
470 2823 635 2865 lacum.
672 2823 788 2866 Inde
824 2831 868 2867 et
909 2825 1216 2884 Tolistobogi‚
1254 2843 1450 2884 quorum
1482 2844 1657 2872 nomen
1690 2830 1749 2872 ab
1774 2846 1848 2873 ea—

119 2896 225 2940 dem
255 2914 369 2942 voce
395 2907 515 2955 Θολός,
546 2907 590 2941 et
615 2904 833 2957 zcr0&0213;‚
858 2909 1009 2955 temo,
1034 2901 1156 2944 idem
1189 2903 1373 2960 signum
1397 2919 1448 2947 ac
1482 2906 1717 2948 Eleusinae
1741 2922 1840 2949 ma-

120 2975 200 3015 tris
226 2975 456 3017 volventia
464 2978 687 3034 plaustra
696 3009 710 3028 ,
737 2977 887 3019 V1RG.
908 3011 919 3031 ,
948 2978 1112 3037 Georg.
1128 3012 1141 3031 ‚
1174 2995 1216 3033 13
1248 2980 1368 3022 idem
1398 2997 1449 3023 ac
1468 2981 1630 3039 jugum
1654 2984 1846 3040 plaustri

117 3049 283 3092 Gordii
313 3050 362 3092 in
395 3053 572 3110 templo
600 3052 730 3095 Jovis
765 3053 930 3111 positi,
954 3057 1105 3109 jusqu,
1141 3072 1204 3109 11,
1231 3072 1272 3112 7.
1305 3058 1411 3099 Non
1438 3058 1670 3102 immerito
1708 3060 1846 3118 igilur

127 3128 402 3185 Tectosages
442 3127 567 3180 aliis,
614 3130 894 3189 Tolzlvlobogz'
929 3130 1146 3174 dicuntur
1187 3149 1209 3175 a
1250 3134 1404 3176 Floro.
1444 3135 1561 3178 Inde
1597 3145 1639 3178 et
1669 3153 1840 3180 nomen

118 3204 312 3245 ,S'ofc'ates
344 3203 417 3245 vel
458 3204 622 3247 melius
661 3206 907 3259 Solinates,
940 3216 988 3249 ut
1028 3207 1072 3250 in
1120 3209 1395 3265 quibusdam
1444 3211 1551 3253 edit.
1595 3212 1783 3269 legitur,
1819 3229 1843 3256 a

120 3289 272 3324 sontes
306 3279 578 3322 derivatum.
610 3283 779 3325 Eorum
806 3284 918 3326 urbs
947 3293 1043 3327 erat
1073 3287 1223 3328 Elma
1258 3302 1344 3343 pro
1380 3289 1584 3341 Eleusa,
1612 3290 1691 3331 nbi
1710 3324 1720 3343 ,
1746 3290 1842 3333 sine

120 3357 282 3413 dubio,
317 3356 429 3399 sicut
465 3358 644 3407 Eleusi,
674 3359 906 3403 Eleusinia
939 3362 1152 3420 mysteria
1186 3363 1364 3418 Cereri,
1397 3364 1533 3407 etium
1560 3382 1680 3409 nunc
1707 3368 1838 3409 Mea»
