2315 3868
771 301 1010 344 LIBRUM
1052 298 1287 343 XXXVII.
1802 313 1815 339 1
1831 299 1888 348 43

167 407 310 467 ccpit3
347 422 470 451 mare
507 405 772 450 Tiberiados
795 419 821 446 a
854 403 1096 446 Tiberiade
1119 402 1260 455 urbe3
1284 403 1407 445 lucus
1433 418 1544 445 vero
1575 400 1889 462 Asphaltites,

168 499 314 542 gra'CC
338 483 581 545 Ᾱσφοιλτῖτις
602 490 719 544 λίμνη
736 521 746 538 ,
769 480 829 524 ab
857 486 1082 540 ἄσφαλτος,
1106 478 1316 520 bitumen
1331 512 1342 532 ,
1367 485 1616 539 ἀσφαλτίτης
1637 480 1711 523 vel
1740 486 1893 540 ἀσφαλ-

166 570 284 616 τῖτις,
313 560 522 603 bitumen
550 558 760 601 fundens.
788 576 806 595 «
828 554 1119 613 Asphaltites
1149 553 1296 609 enim,
1326 554 1389 597 ait
1411 554 1612 609 Plinius,
1634 555 1751 598 nihil
1768 570 1891 614 prae—

166 644 236 679 ter
268 637 477 679 bitumen
512 634 682 693 gignit,
714 632 836 675 unde
873 640 916 674 et
951 645 1172 674 nomen.»

235 715 339 757 Cn.
365 713 445 756 IV.
480 712 596 755 Asia
627 711 939 753 Romanorum
956 707 1113 764 facta.
1149 706 1357 751 Subaudi
1387 708 1597 766 propria.

659 874 730 917 IN
782 873 1064 917 LIBRUM
1111 871 1400 917 XXXVII.

230 1016 333 1059 CAP.
360 1017 396 1060 I.
425 1015 799 1061 Phocoeensz'bas.
838 1035 855 1054 «
889 1013 1090 1073 Scripsi,
1126 1013 1189 1057 ait
1220 1016 1276 1058 D.
1302 1014 1540 1069 Lemaire,
1568 1013 1642 1057 hic
1672 1023 1724 1057 ut
1751 1014 1892 1070 infra,

166 1109 292 1136 §411111
309 1126 320 1148 ,
358 1092 408 1146 3,
439 1108 546 1137 cum
576 1091 821 1135 Gronovio
846 1107 935 1136 avo
962 1091 1322 1135 Phocoeensibus
1339 1106 1427 1149 pro
1454 1091 1789 1145 Phocensibus‚
1815 1093 1892 1150 qui

167 1179 272 1213 sunt
288 1169 449 1213 incolae
466 1169 708 1223 Phocidis,
727 1185 824 1227 quae
849 1177 915 1213 est
938 1168 1128 1211 Boeotiae
1152 1167 1303 1211 vicina
1320 1167 1369 1210 in
1392 1169 1569 1211 Graecia
1582 1202 1593 1223 ,
1611 1184 1753 1227 quum
1767 1169 1891 1211 Pho-

165 1262 361 1290 caeenses
375 1246 488 1289 dicti
501 1246 592 1289 sint
616 1261 641 1288 a
658 1245 894 1297 Phocaea,
921 1245 1037 1287 Asiae
1053 1245 1252 1287 Minoris
1278 1244 1392 1287 urbe
1406 1244 1454 1286 in
1479 1245 1625 1287 Ionia.
1647 1265 1663 1282 »
1679 1244 1888 1287 Haecille.

163 1323 342 1365 Revera
360 1330 569 1369 Φωκαιέων
589 1321 796 1363 scribunt
820 1320 983 1373 Graeci,
1002 1335 1089 1377 pro
1109 1320 1463 1362 Phocaeensium
1477 1321 1552 1363 vel
1563 1320 1888 1371 Phocaeorum,

163 1413 188 1440 a
224 1397 458 1450 Phocoea,
484 1397 629 1440 Ioniae
662 1396 798 1451 urbe,
824 1403 857 1444 οἱ
880 1403 1031 1450 Φωκέες
1056 1405 1208 1439 autem
1233 1397 1307 1439 vel
1334 1408 1493 1451 Φωκῆες
1516 1412 1604 1456 pro
1630 1396 1891 1441 Phocenses

162 1489 185 1515 a
213 1482 414 1530 Φωκίς;θῖ
430 1473 627 1527 Gellius,
650 1488 695 1527 x,
725 1472 797 1527 16,
816 1481 988 1515 terram
1014 1473 1267 1516 Phocidem
1292 1473 1424 1516 dixit.
1440 1473 1562 1516 Hinc
1578 1475 1890 1528 Lucan0‚111,

162 1547 278 1603 301,
318 1550 523 1593 Phocais
555 1548 766 1605 juventus
797 1563 886 1606 pro
926 1547 1318 1603 Massiliensibus3
1351 1557 1396 1593 et
1435 1549 1551 1592 Silio
1585 1549 1777 1603 Italico,
1813 1565 1890 1604 1v,

164 1624 246 1680 52,
270 1625 510 1668 Phocaica
533 1642 649 1680 ora,
675 1625 725 1669 id
757 1633 824 1669 est
854 1624 1166 1668 Massilienses
1184 1659 1196 1680 ,
1229 1641 1426 1684 quorum
1457 1642 1566 1684 ager
1596 1626 1645 1668 in
1670 1626 1891 1671 Theodo-

162 1702 288 1746 siana
322 1703 502 1746 Tabula
554 1701 742 1745 Grcecia
772 1700 953 1744 dicitur.
998 1701 1092 1745 Sed
1125 1701 1249 1760 apud
1283 1711 1492 1746 auctores
1527 1710 1727 1756 veteres,
1757 1702 1887 1746 Pho-

160 1794 316 1822 censes
332 1794 420 1838 pro
442 1778 608 1821 incolae
640 1777 860 1821 Phocidis
878 1785 922 1820 et
954 1777 1178 1822 Phocoeoe
1200 1778 1328 1821 urbis
1355 1777 1675 1837 reperiuntur3
1693 1787 1737 1821 et
1761 1794 1857 1821 non
1871 1806 1888 1812 -

159 1854 274 1897 nulli
298 1854 437 1898 etiam
469 1862 635 1913 putant
660 1869 684 1896 a
709 1853 1049 1909 phocensibus,
1076 1853 1297 1898 Phocidis
1322 1853 1517 1910 incolis,
1538 1854 1773 1913 profectos
1792 1871 1887 1900 esse

156 1930 372 1974 Massiliae
399 1931 692 1981 conditores,
718 1946 817 1974 non
844 1946 870 1975 a
893 1932 1213 1975 Phocensibus
1237 1931 1383 1975 Ioniae
1409 1931 1610 1990 populis.
1636 1931 1720 1976 Cui
1748 1932 1888 1976 etiam

157 2010 395 2052 sententiae
411 2024 508 2051 non
527 2008 722 2052 obscure
736 2008 990 2052 subscribit
1006 2007 1184 2053 Plinius
1195 2041 1208 2065 ,
1226 2024 1307 2064 111,
1327 2015 1370 2062 4,
1386 2007 1468 2052 ubi
1481 2007 1736 2053 Massiliam
1751 2011 1883 2053 Grae-

156 2098 316 2127 corum
339 2085 647 2128 Phocensium
680 2083 915 2128 coloniam
947 2085 1174 2144 appellat,
1205 2085 1264 2127 ad
1292 2084 1565 2140 discrimen,
1592 2092 1644 2128 ut
1678 2084 1884 2140 videtur,

155 2160 478 2204 Asiaticorum.
512 2160 601 2205 Hic
624 2161 952 2220 reponendum
979 2161 1122 2221 igitur
1156 2162 1484 2205 Phocensibus.

221 2236 533 2281 Mitlm'dates.
559 2237 649 2281 Hic
672 2239 717 2281 E
721 2247 922 2298 vergetes
938 2271 952 2292 ,
982 2247 1222 2301 Εὐεργέτης,
1246 2238 1296 2282 id
1326 2247 1392 2282 est
1415 2239 1679 2297 Beneficus,
1710 2238 1879 2283 dictus:

155 2310 275 2356 filius
308 2323 459 2357 autem
497 2314 619 2372 ejus,
648 2331 785 2373 quem
818 2331 868 2359 XI
905 2331 1053 2359 annos
1089 2325 1249 2360 natum
1288 2317 1421 2376 regni
1460 2332 1770 2361 successorem
1802 2333 1883 2361 re·-

155 2388 315 2447 quuit,
340 2390 569 2449 Eupator‚
592 2399 816 2453 Εὐπάτωρ,
839 2392 930 2435 hoc
963 2401 1029 2436 est
1063 2393 1178 2436 bono
1202 2401 1345 2451 patre
1376 2402 1525 2436 natus.
1556 2394 1752 2447 STRAB.,
1779 2394 1810 2436 l.
1830 2408 1881 2448 X,

154 2473 198 2508 et
228 2469 417 2509 APPIAN.
446 2466 743 2510 Mithridates
772 2483 885 2511 vero
911 2468 974 2511 sic
992 2467 1139 2511 dictus
1172 2477 1239 2512 est
1264 2477 1310 2511 ut
1341 2477 1588 2531 μιτρεφόρος,
1610 2469 1796 2512 mitram
1819 2469 1880 2513 fe-

152 2557 282 2597 rens,
310 2542 449 2586 mitra
476 2542 744 2599 redimitus,
782 2552 1044 2607 μιτροχίτων,
1074 2545 1212 2589 mitra
1252 2560 1333 2588 seu
1367 2545 1505 2589 fascia
1539 2546 1741 2588 tunicam
1774 2547 1878 2589 cin-

152 2632 287 2675 gens,
316 2618 746 2672 M‘tlzrobarzanes‚
790 2621 1041 2675 Tiridates,
1080 2622 1320 2664 Pandates
1338 2655 1351 2674 ,
1387 2622 1437 2664 in
1461 2623 1510 2665 C.
1537 2622 1741 2681 Nepote,
1766 2639 1790 2666 a
1821 2632 1881 2686 μῑ-

149 2717 248 2756 τρα,
277 2695 412 2739 mitra
429 2730 440 2750 ,
467 2695 606 2740 fascia
634 2696 826 2755 regalis,
851 2695 1107 2756 cingulum,
1136 2698 1339 2751 balteus,
1367 2707 1411 2742 et
1438 2702 1667 2762 δατέομαι,
1692 2699 1878 2754 divido,

150 2771 353 2828 partior,
385 2772 476 2815 hoe
514 2781 580 2815 est
612 2772 799 2831 gallice,
834 2774 914 2832 qui
947 2774 1163 2817 distribue
1202 2777 1267 2817 les
1306 2772 1574 2828 diade'mes,
1613 2775 1727 2818 sicut
1765 2776 1877 2819 deus

153 2847 380 2903 Mithras,
417 2858 593 2911 Μίθρας,
617 2851 691 2893 vel
723 2851 814 2904 sol,
844 2850 972 2907 cujus
996 2866 1171 2894 nomen
1196 2867 1323 2909 aeque
1347 2867 1371 2894 a
1398 2859 1519 2913 μίτρα
1548 2852 1718 2904 oritur,
1746 2861 1790 2895 et
1817 2852 1877 2896 ad

151 2922 278 2979 cujus
301 2925 609 2969 imitationem
635 2926 772 2969 etiam
796 2942 919 2969 nunc
942 2929 1116 2982 Persae,
1139 2928 1300 2971 Turcae
1332 2936 1376 2970 et
1400 2927 1494 2970 fere
1520 2943 1680 2971 omnes
1703 2928 1876 2972 Orien-

151 2998 206 3042 tis
229 3001 396 3059 populi
412 3002 547 3045 mitra
563 3036 576 3058 ,
604 3002 726 3046 dicta
759 3003 949 3056 turbem,
978 3019 1004 3047 a
1031 3012 1204 3061 τολὺπη,
1229 3004 1333 3046 lana
1359 3003 1407 3045 in
1436 3004 1599 3046 orbem
1627 3005 1699 3047 vel
1724 3005 1773 3047 in
1796 3014 1863 3048 tu-

150 3077 260 3134 lzpoe
282 3078 467 3121 corollae
491 3077 689 3122 formam
714 3079 992 3138 glomerata,
1015 3087 1218 3127 τολυπεύω
1235 3119 1245 3138 ‚
1270 3080 1506 3137 glomero,
1529 3080 1734 3122 redimiti
1753 3089 1869 3125 sunt.

149 3153 384 3196 Falluntur
406 3153 546 3211 igitur
570 3156 646 3213 qui
669 3156 832 3199 dicunt
855 3171 1018 3199 vocem
1046 3164 1199 3218 Μίθρας
1222 3156 1297 3199 vel
1320 3163 1470 3218 Μίθρης
1493 3171 1589 3200 esse
1614 3157 1842 3201 Persicam
1860 3192 1870 3211 ,

146 3236 190 3271 et
236 3231 307 3271 sol
341 3227 615 3287 significare.
659 3232 777 3275 Inde
817 3240 861 3275 et
906 3231 1317 3284 Choromithrena,
1367 3232 1534 3275 Mediae
1577 3233 1707 3290 regio
1747 3235 1868 3292 apud

146 3305 444 3349 Ptolemaeum
460 3339 471 3358 ,
496 3305 667 3349 scilicet
684 3323 708 3351 a
735 3315 867 3370 χώρα,
894 3308 1051 3367 reg-io,
1076 3317 1119 3351 ct
1144 3317 1316 3368 Μίθρης,
1344 3307 1560 3351 Mam-asa
1593 3309 1707 3352 Vide
1730 3310 1870 3364 infra,
