2248 3697
472 249 712 292 JUsTINI
745 248 1183 292 HISTORIARUM
1223 251 1336 292 LIB.
1373 250 1570 293 XXXII.
1817 248 1872 291 53

145 363 291 420 sent,
333 372 499 426 quam
541 353 746 404 victum
778 351 959 405 hostes
991 351 1265 404 viderunt.
1308 353 1485 426 Igitur
1524 352 1777 406 eumdem
1818 355 1873 407 in

149 452 421 506 theatrum
455 451 583 506 duci
607 452 914 526 jusserunt,
949 464 1009 506 ut
1036 472 1224 506 omnes
1255 465 1676 524 contuerentur,
1710 473 1871 528 quem

147 552 387 627 potuisse
417 553 537 626 capi
568 550 885 605 incredibile
914 550 1139 627 singulis
1169 549 1475 604 videbatur.
1507 552 1641 606 Inde
1671 554 1725 606 in
1757 572 1876 607 car-

145 671 320 705 cerem
363 650 558 717 ducto‚
599 650 935 704 verecundia,
972 649 1366 725 magnitudinis
1409 650 1557 723 ejus,
1600 672 1872 706 vencnum

146 748 415 804 dederunt
450 771 460 803 z
496 749 643 824 quod
676 748 763 803 ille
809 749 989 820 laetus‚
1023 770 1085 803 ac
1117 751 1156 803 si
1190 750 1429 817 vicisset,
1466 751 1705 824 accepit;
1736 771 1878 825 quae-

146 852 247 904 sito
294 850 472 924 prius,
525 871 590 904 an
652 852 945 925 Lycortas,
987 849 1270 925 praefectus
1310 849 1667 919 Achaeorum,
1714 870 1875 925 quem

144 949 445 1004 secundum
478 971 508 1003 a
554 971 608 1004 se
639 971 751 1004 esse
784 952 1008 1004 scientia
1049 951 1124 1004 rei
1157 948 1407 1004 militaris
1453 948 1684 1019 sciebat,
1730 950 1878 1005 inco-

145 1049 305 1103 lumis
361 1049 682 1125 effugisset?
728 1053 909 1121 Quem
963 1062 1020 1103 ut
1078 1051 1286 1125 accepit
1356 1050 1616 1120 evasisse,
1663 1070 1774 1103 non
1825 1051 1878 1103 in

146 1161 322 1203 totum
363 1148 548 1202 dicens
586 1147 898 1202 consultum
947 1147 1086 1202 male
1137 1149 1382 1219 Achaeis,
1419 1150 1725 1224 exspiravit.
1768 1150 1881 1204 Nec

144 1247 318 1302 multo
347 1260 493 1323 post,
528 1258 782 1322 reparato
811 1245 982 1318 bello,
1015 1249 1273 1303 Messenii
1305 1249 1632 1318 vincuntur,
1671 1269 1881 1324 poenas-

145 1368 250 1422 que
281 1347 554 1402 interfecti
588 1345 1014 1423 Philopoemenis
1052 1347 1450 1423 pependerunt.

225 1450 294 1501 II.
343 1450 553 1501 Interea
592 1449 645 1500 in
687 1449 841 1522 Syria
881 1469 971 1501 rex
1015 1448 1345 1517 Antiochus,
1384 1470 1551 1522 quum
1594 1451 1743 1525 gravi
1787 1451 1881 1503 tri-

145 1548 280 1601 buto
315 1547 490 1620 paciS‚
526 1568 555 1600 a
591 1547 857 1600 Romanis
895 1548 1095 1617 victuS,
1134 1561 1389 1602 oneratus
1424 1561 1589 1619 esset,
1630 1570 1723 1604 seu
1760 1551 1877 1603 ino-

148 1647 232 1719 pia
285 1645 525 1718 pecuniae
574 1643 925 1719 compulsus,
975 1667 1069 1699 seu
1115 1648 1340 1699 avaritia
1381 1646 1731 1716 sollicitatus,
1771 1668 1879 1722 qua

146 1744 400 1819 sperabat
441 1765 524 1811 se,
562 1745 662 1798 sub
708 1746 884 1820 specie
927 1744 1227 1799 tributariae
1268 1746 1627 1815 necessitatiS,
1661 1767 1880 1801 excusa-

149 1846 256 1898 tius
298 1843 577 1920 sacrilegia
619 1845 1072 1908 commissurum,
1111 1845 1357 1899 adhibito
1399 1847 1674 1915 exercitu,
1720 1859 1881 1900 nocte

148 1942 413 2019 templum
442 1943 665 2019 Elymaei
693 1944 840 1998 Jovis
866 1944 1200 2020 aggreditur.
1230 1944 1359 2014 Qua
1389 1966 1448 1999 re
1479 1945 1724 2020 prodita,
1754 1967 1882 2000 con-

147 2064 313 2098 cursu
346 2041 699 2112 insularium,
732 2065 857 2098 cum
892 2046 1041 2099 omni
1075 2043 1246 2098 milite
1279 2045 1623 2099 interficitur.
1659 2048 1879 2116 Romae,

149 2163 320 2217 quum
352 2143 538 2198 multae
568 2146 794 2200 Graeciae
824 2146 1095 2214 civitates,
1128 2157 1382 2219 questum
1411 2145 1478 2199 de
1505 2146 1719 2220 injuriis
1749 2147 1880 2201 Phi-

149 2240 319 2317 lippi,
365 2243 507 2318 regis
555 2244 958 2313 Macedonum,
1004 2245 1309 2314 venissent,
1354 2256 1407 2298 et
1454 2244 1775 2319 disceptatio
1825 2248 1878 2300 in

149 2352 340 2394 senatu
384 2342 526 2395 inter
567 2344 940 2413 Demetrium,
984 2342 1227 2419 Philippi
1269 2343 1473 2413 filium,
1516 2364 1679 2417 quem
1723 2357 1880 2419 pater

147 2439 212 2493 ad
247 2440 690 2495 satisfaciendum
723 2443 933 2496 senatui
963 2444 1209 2512 miserat,
1243 2455 1293 2496 et
1326 2442 1530 2518 legatos
1565 2443 1872 2498 civitatium

148 2552 315 2610 esset,
362 2542 521 2594 turba
569 2539 913 2615 querelarum
961 2542 1219 2596 confusus
1262 2541 1609 2610 adolescens,
1655 2555 1881 2618 repente

149 2641 395 2694 obticuit.
445 2643 602 2695 Tunc
647 2653 900 2711 senattiS,
952 2640 1280 2695 verecundia
1328 2643 1444 2716 ejus
1496 2654 1707 2712 motuS,
1761 2664 1881 2718 quae

149 2740 378 2815 probata
409 2741 572 2795 etiam
604 2752 787 2809 antea,
818 2761 989 2814 quum
1022 2741 1176 2795 obses
1207 2744 1395 2795 Romae
1427 2754 1588 2811 esset,
1621 2743 1879 2797 omnibus

151 2839 355 2909 fuerat,
404 2861 620 2894 causam
675 2839 751 2893 illi
796 2840 1021 2894 donavit
1067 2862 1077 2893 :
1130 2852 1294 2914 atque
1341 2842 1415 2895 ita
1466 2840 1734 2896 modestia
1784 2863 1880 2897 sua

150 2941 461 2994 Demetrius
496 2941 711 2994 veniam
749 2941 919 3015 patri,
958 2961 1068 2993 non
1100 2940 1225 3014 jure
1266 2940 1623 3010 defensioniS,
1659 2942 1752 2996 sed
1788 2963 1878 3018 pa·

153 3038 386 3091 trocinio
418 3038 668 3113 pudoris,
702 3040 943 3093 obtinuit
976 3063 985 3093 :
1021 3039 1169 3114 quod
1200 3041 1381 3117 ipsum
1412 3040 1630 3096 decreto
1662 3053 1880 3096 senatus

153 3135 516 3210 significatum
551 3150 661 3207 est,
701 3151 761 3193 ut
796 3152 1114 3214 appareret,
1152 3161 1264 3194 non
1302 3153 1414 3194 tam
1449 3140 1761 3194 absolutum
1800 3161 1882 3194 re-

151 3256 306 3311 gem,
349 3256 512 3310 quam
556 3236 818 3293 donatum
863 3238 972 3293 filio
1016 3252 1241 3314 patrem.
1287 3242 1426 3312 Quae
1470 3261 1554 3294 res
1595 3241 1879 3295 Demetrio
