2315 3868
416 371 433 398 1
447 371 503 410 ρο
900 354 1174 398 PROLOGI
1205 353 1644 398 HISTofflARUM

886 555 1234 590 PROLOGUS
1278 556 1456 590 LIBRI
1500 556 1655 595 XXXp

488 693 785 747 Tricesimo
828 691 1108 746 volumine
1150 695 1505 747 continentur
1550 694 1662 748 haec
1706 715 1716 747 ε
1762 697 1869 763 Ut,
1916 705 2136 748 mortuo

408 791 701 847 Ptolemaeo
738 793 1068 868 Tryphone,
1105 791 1249 846 filius
1287 794 1404 867 ejus
1445 793 1765 868 Philopator
1801 794 2136 848 Antiochum

410 913 593 969 regem
627 893 778 961 vicit,
809 892 925 966 rapi
961 892 1008 945 ei
1042 912 1315 967 poeamare
1348 893 1693 967 Agathocleae
1723 905 2014 968 corruptus
2048 893 2139 947 de-

411 994 594 1062 cessit,
625 991 815 1046 relicto
848 990 962 1045 filio
997 989 1212 1066 pupillo
1245 1012 1256 1045 :
1298 992 1354 1046 in
1386 1012 1549 1066 quem
1578 1012 1703 1045 cum
1729 991 1986 1067 Philippo
2014 1011 2140 1064 rege

410 1091 778 1147 Macedonum
816 1091 1092 1144 consensit
1126 1091 1450 1146 Antiochus.
1484 1089 1722 1166 Philippi
1758 1089 1954 1144 deinde
1991 1102 2141 1163 gesta

410 1194 467 1245 in
497 1192 651 1258 Asia,
681 1212 852 1265 quum
882 1192 1143 1245 movisset
1174 1189 1353 1245 AEtola
1383 1190 1538 1245 bella.
1572 1195 1618 1246 A
1653 1191 1854 1265 quibus
1891 1211 2140 1244 reversus

410 1289 615 1345 bellum
644 1291 838 1345 habuit
870 1311 995 1344 cum
1028 1290 1258 1345 ducibus
1289 1292 1553 1346 Romanis
1586 1289 1833 1365 Sulpicio
1866 1302 1920 1343 et
1946 1288 2142 1344 Flami-

412 1392 580 1462 nino,
626 1412 656 1444 a
700 1391 899 1465 quibus
944 1391 1145 1460 victus,
1190 1411 1314 1465 pax.
1360 1391 1646 1444 Transitus
1693 1389 1892 1443 deinde
1941 1389 2008 1443 ad
2059 1409 2143 1442 res

405 1491 703 1559 Antiochi,
755 1490 849 1563 qui
870 1531 884 1556 ,
939 1501 1066 1564 post
1116 1508 1346 1563 regnum
1402 1501 1686 1563 acceptum
1709 1531 1723 1555 ,
1782 1501 2144 1562 persequutus
2200 1523 2204 1526 -

415 1589 713 1643 defectores
751 1589 804 1641 in
841 1587 1028 1642 Media
1060 1586 1378 1657 Molonem,
1417 1588 1472 1640 in
1508 1588 1634 1641 Asia
1667 1586 1955 1656 Achaeum,
1983 1606 2144 1660 quem

414 1688 626 1743 obsedit
663 1687 927 1743 Sardibus
967 1709 977 1741 :
1014 1699 1206 1762 pacata
1238 1687 1519 1763 superiore
1553 1687 1679 1741 Asia
1716 1686 1924 1739 Bactris
1960 1696 2147 1754 tenus,

412 1790 466 1842 in
500 1792 751 1845 Romana
782 1787 925 1843 bella
959 1787 1251 1843 descendit.

881 1977 1231 2013 PROLOGUS
1275 1978 1455 2012 LIBRI
1502 1977 1684 2011 XXXI.

497 2119 624 2172 Uno
658 2128 711 2170 et
744 2116 1022 2170 tricesimo
1057 2113 1337 2170 volumine
1374 2116 1688 2170 continetur
1725 2113 1932 2169 bellum
1953 2157 1967 2184 ,
2005 2114 2151 2189 quod

419 2239 544 2272 cum
589 2216 1005 2271 Lacedaemonio
1049 2216 1265 2272 Nabide
1302 2217 1457 2270 Titus
1496 2214 1837 2269 Flamininus
1879 2228 1933 2269 et
1971 2213 2153 2269 Philo-

420 2337 660 2392 poemen,
687 2317 795 2370 dux
831 2317 1181 2385 Achaeorum,
1207 2317 1387 2392 gessit.
1422 2317 1561 2368 Item
1589 2313 1821 2382 bellum,
1849 2314 1997 2389 quod
2028 2335 2150 2368 cum

419 2419 694 2474 Antiocho
718 2419 772 2470 in
800 2417 1008 2471 Achaia
1033 2437 1132 2492 per
1153 2415 1389 2471 Acilium
1414 2415 1694 2469 consulem
1711 2459 1723 2481 ,
1750 2428 1802 2469 et
1827 2418 1882 2469 in
1908 2416 2036 2470 Asia
2055 2436 2153 2490 per

421 2519 731 2593 Scipionem
769 2528 984 2593 gestum
1022 2529 1119 2570 est.
1164 2517 1417 2590 Denique
1448 2514 1771 2570 Hannibalis
1805 2513 1873 2569 ad
1907 2534 2092 2590 regem
2123 2534 2149 2567 a

421 2617 754 2692 Carthagine
775 2616 923 2691 fuga.
947 2615 1159 2671 Bellum
1179 2636 1303 2670 cum
1328 2614 1523 2670 AEtolis
1546 2626 1761 2690 gestum
1783 2634 1881 2689 per
1899 2612 2149 2668 eumdem

422 2713 687 2781 Acilium,
714 2717 808 2790 qui
839 2717 1171 2770 Antiochum
1204 2717 1418 2771 Graecia
1450 2713 1749 2789 expulerat.

875 2905 1222 2941 PROLOGUS
1267 2906 1449 2941 LIBRI
1497 2906 1703 2940 XXXII.

512 3044 764 3098 Secundo
792 3057 845 3098 et
870 3045 1144 3099 tricesimo
1169 3043 1449 3099 volumine
1477 3045 1833 3099 continentur
1860 3044 1973 3099 haec
2002 3065 2013 3098 :
2039 3046 2150 3099 De-

432 3142 586 3197 fectio
615 3144 680 3197 ab
707 3143 915 3197 Achaeis
943 3144 1485 3198 Lacedaemoniorum
1513 3154 1565 3196 et
1589 3145 2018 3214 Messeniorum,
2046 3164 2151 3217 qua

430 3240 804 3318 Philopoemen
835 3244 1058 3298 interiit.
1090 3247 1469 3298 Romanorum
1495 3243 1549 3296 in
1576 3243 1727 3311 Asia,
1755 3243 1891 3297 duce
1915 3240 2150 3309 Manlio,

430 3338 713 3393 adversum
739 3340 928 3395 Gallos
954 3341 1176 3395 bellum.
1207 3343 1370 3416 Regis
1399 3339 1664 3417 Philippi,
1696 3356 1920 3419 propter
1948 3341 2150 3396 ablatas
