2248 3697
131 237 247 253 υιυιικ
253 239 267 252 ι
273 238 425 254 ιυυνυνιν
432 241 663 257 ινννιννυιιιι
669 241 995 257 ιννιννννυυνινυιηιικι
1003 243 1015 256 ι
1022 243 1056 256 νι
1062 237 1766 257 §tuxxwthwtmtvwwwwtmmumm
1773 240 1849 255 ᾺΊΝ

621 481 960 550 LIBER
1020 479 1351 548 XXVII.

119 966 165 1019 Ι,
188 917 502 1021 Momm
535 967 702 1041 Syriae
732 986 859 1042 rege
886 966 1188 1033 Antiocho,
1222 986 1394 1040 quum
1428 965 1483 1019 in
1520 965 1702 1021 locum
1742 968 1857 1041 ejus

123 1063 264 1119 filius
323 1064 580 1121 Seleucus
631 1067 1007 1133 successisset,
1055 1066 1312 1121 hortante
1363 1078 1538 1120 matre
1585 1065 1858 1134 Laodice,

120 1185 243 1240 quae
288 1166 580 1240 prohibere
633 1163 929 1235 debuerat,
988 1166 1230 1241 auspicia
1279 1166 1435 1242 regni
1488 1186 1519 1220 a
1564 1166 1858 1241 parricidio

121 1265 302 1340 coepit.
363 1265 585 1339 Quippe
647 1265 948 1320 Berenicen
1013 1285 1307 1319 novercam
1375 1286 1554 1335 suam,
1613 1287 1857 1320 sororem

121 1363 434 1436 Ptolemaei,
493 1365 638 1441 regis
689 1366 946 1442 AEgypti,
978 1386 1121 1420 -cum
1176 1363 1410 1442 parvulo
1461 1365 1629 1420 fratre
1685 1387 1750 1420 ex
1799 1387 1860 1420 ea

123 1478 381 1541 suscepto
414 1465 693 1520 interficit.
722 1465 854 1535 Quo
887 1465 1129 1520 facinore
1160 1478 1503 1541 perpetrato,
1536 1478 1590 1520 et
1622 1466 1860 1520 infamiae

123 1563 397 1621 maculam
433 1565 628 1635 subiit,
667 1577 721 1619 et
760 1563 1040 1619 Ptolemaei
1072 1564 1219 1619 bello
1268 1587 1322 1619 se
1362 1564 1650 1640 implicuit.
1686 1568 1860 1620 Porro

122 1668 411 1735 Berenice,
437 1684 608 1739 quum
645 1664 715 1718 ad
748 1685 804 1719 se
849 1665 1283 1720 interficiendam
1320 1666 1512 1718 missos
1551 1664 1858 1736 didicisset,

125 1768 376 1846 Daphnae
411 1786 466 1821 se
511 1764 731 1821 claudit.
767 1766 880 1822 Ubi
917 1787 1092 1842 quum
1128 1765 1366 1821 obsideri
1413 1786 1532 1819 eam
1569 1786 1694 1819 cum
1738 1787 1861 1841 par-

125 1869 258 1925 vulo
286 1867 401 1924 filio
423 1868 743 1924 nuntiatum
765 1867 908 1923 Asiae
937 1866 1253 1921 civitatibus
1287 1877 1453 1935 esset,
1480 1865 1862 1920 recordatione

126 1983 370 2046 paternae
418 1969 802 2043 majorumque
854 1968 971 2043 ejus
1028 1967 1341 2043 dignitatis,
1395 1986 1579 2021 casum
1630 1979 1744 2020 tam
1791 1967 1865 2020 in·

127 2071 306 2147 dignae
336 2070 572 2124 fortunae
591 2069 938 2138 miserantes,
960 2066 1161 2121 auxilia
1186 2068 1236 2121 ei
1268 2087 1458 2121 omnes
1489 2067 1701 2120 misere.
1734 2068 1864 2120 Fra-

126 2184 209 2225 ter
241 2189 461 2244 quoque
499 2167 828 2224 Ptolemaeus
863 2164 1112 2243 periculo
1155 2167 1358 2221 sororis
1403 2166 1727 2236 exterrituS,
1780 2186 1866 2220 re-

129 2270 260 2324 licto
298 2290 492 2345 regnO,
524 2289 650 2322 cum
683 2267 940 2322 omnibus
968 2267 1178 2321 viribus
1205 2264 1443 2321 advolat.
1478 2266 1587 2321 Sed
1604 2267 1864 2321 Berenice

129 2383 255 2424 ante
284 2370 583 2423 adventum
609 2366 940 2422 auxiliorum
957 2410 971 2436 ,
998 2388 1173 2442 quum
1197 2368 1251 2420 vi
1283 2367 1587 2442 expugnari
1608 2387 1720 2420 non
1743 2387 1865 2442 pos-

131 2483 245 2540 set,
285 2468 412 2524 dolo
451 2470 828 2523 circumventa
868 2467 1193 2522 trucidatur.
1228 2466 1465 2542 Indigna
1497 2487 1582 2521 res
1613 2467 1867 2520 omnibus

132 2572 263 2625 visa.
296 2573 490 2645 Itaque
527 2590 702 2644 quum
748 2569 1019 2623 universae
1062 2568 1331 2638 civitates,
1366 2588 1487 2642 quae
1530 2566 1866 2634 defecerant,

132 2674 411 2747 ingentem
449 2668 676 2724 classem
713 2680 1156 2745 comparassent,
1191 2679 1415 2743 repente
1450 2666 1701 2742 exemplo
1746 2688 1868 2720 cru-

133 2770 368 2825 delitatis
400 2770 702 2839 exterritae,
736 2766 896 2822 simul
933 2780 989 2822 et
1017 2769 1073 2821 in
1105 2766 1373 2822 ultionem
1407 2767 1549 2841 ejtiS,
1582 2787 1747 2841 quam
1783 2765 1868 2819 de-

134 2871 338 2926 fensuri
373 2882 562 2938 erant,
595 2868 891 2925 Ptolemaeo
928 2890 982 2923 se
1012 2868 1276 2923 tradunt:
1305 2869 1425 2942 qui,
1455 2869 1559 2921 nisi
1592 2868 1646 2921 in
1674 2870 1869 2943 AEgyp·

135 2983 252 3024 tum
286 2971 585 3026 domestica
614 2970 881 3025 seditione
911 2981 1197 3024 revocatus
1230 2982 1367 3023 esset
1387 3012 1401 3039 ,
1429 2981 1608 3023 totum
1636 2988 1867 3043 regnum

134 3069 347 3124 Seleuci
379 3084 713 3146 occupasset.
751 3072 993 3124 Tantum
1039 3068 1122 3123 vel
1159 3067 1236 3122 illi
1283 3069 1494 3137 odium,
1526 3067 1869 3143 parricidiale

136 3170 341 3230 scelus,
365 3169 449 3223 vel
473 3171 602 3225 huic
625 3171 865 3225 favorem
900 3169 1124 3245 indigne
1159 3182 1453 3244 peremptae
1489 3189 1635 3222 mors
1668 3168 1869 3221 sororis

135 3267 412 3326 attulerat}
