2315 3868
780 383 1022 425 LIBRUM
1057 383 1207 425 XLII.
1771 388 1858 440 149

132 485 290 539 batur,
325 501 461 543 quem
495 485 633 528 Mida„-
667 484 942 538 nominant,
977 484 1025 526 in
1063 500 1199 542 quem
1234 485 1392 527 vinum
1423 486 1643 530 infudisse
1673 485 1862 539 dicitur,

133 569 181 602 ut
206 561 411 604 Silenum
441 559 583 620 <asini
594 558 770 619 ducem)
798 568 1017 618 captaret.
1042 579 1059 597 »
1079 564 1305 603 Armenos
1330 562 1535 620 Phryges
1563 578 1732 620 genere
1763 577 1860 605 esse

134 646 326 680 testatur
360 638 658 696 Stephanus:
691 636 896 695 Phryges
941 636 1049 680 ideo
1082 652 1186 680 cum
1220 637 1451 681 Armeniis
1486 640 1630 682 multa
1659 640 1864 683 habuere

135 713 429 767 communia3
469 713 576 771 quia
616 721 769 756 autem
812 728 916 756 arca
954 714 1081 767 Noe,
1132 714 1338 773 mythico
1378 715 1460 757 illo
1508 714 1686 758 diluvio
1734 714 1868 758 fluvii

138 791 355 849 Aquarii,
381 789 610 833 Gordiaeis
643 790 845 848 primum
884 790 1148 834 consedisse
1176 791 1415 835 montibus
1441 806 1626 849 quoque
1645 791 1867 835 credeba—

138 876 237 920 tur;
276 866 386 909 inde
416 867 645 925 Phryges,
681 866 759 924 qui
797 865 938 908 iidem
967 866 1104 909 etiam
1138 883 1241 910 cum
1275 867 1534 922 Armeniis,
1562 866 1871 925 antiquissimi

139 943 407 986 mortalium
432 944 753 986 censebantur.

204 1022 365 1063 Iason.
393 1021 554 1077 Longa
580 1035 699 1063 nave
734 1022 954 1064 Jasonem
982 1021 1186 1079 primum
1213 1021 1456 1080 navigasse
1483 1021 1871 1078 Philostephanus

141 1106 300 1140 auctor
326 1105 418 1151 est,
449 1105 498 1138 ut
531 1097 593 1138 ait
623 1096 823 1152 Plinius,
860 1113 957 1151 vu,
990 1095 1064 1140 56.
1098 1098 1200 1140 Fuit
1234 1098 1331 1141 haec
1362 1105 1669 1160 πεντηκόντορος
1699 1095 1874 1154 prima,

142 1175 189 1216 in
220 1189 321 1217 eam
354 1189 456 1216 curn
483 1175 653 1216 Jasone
686 1182 887 1232 quatuor
919 1183 964 1216 et
996 1174 1334 1233 quinquaginta
1362 1175 1643 1233 Argonautae
1672 1181 1776 1216 sunt
1804 1172 1877 1214 in-

142 1250 311 1309 gressi,
346 1250 394 1291 id
426 1258 492 1292 est
518 1250 610 1302 sol,
647 1248 830 1291 Lucifer
849 1283 861 1302 ,
890 1258 934 1291 et
971 1248 1313 1308 quinquaginta
1347 1251 1443 1293 duo
1469 1250 1581 1293 anni
1612 1249 1876 1292 hebdoma-

143 1327 223 1370 des
251 1326 298 1369 in
332 1326 607 1382 amphoram
625 1357 637 1378 ,
660 1324 863 1381 primum
893 1324 1076 1368 zodiaci
1101 1326 1306 1383 signum,
1337 1326 1465 1369 orbis
1498 1325 1710 1383 signiferi
1742 1339 1878 1382 quem

143 1404 234 1455 sol,
269 1416 392 1444 anno
423 1407 656 1454 vertente,
681 1400 859 1442 lustrat.
895 1400 1004 1443 Haec
1038 1416 1205 1460 nempe
1231 1411 1329 1445 erat
1357 1402 1434 1445 illa
1469 1402 1648 1445 delecta
1679 1402 1878 1444 heroum

142 1493 334 1531 manus,
359 1484 456 1530 θεῖος
475 1483 608 1538 ἡρώων
637 1473 773 1529 &im-03,
800 1476 857 1518 In
878 1475 998 1519 hanc
1023 1493 1162 1519 unam
1187 1475 1273 1520 flos
1304 1478 1445 1521 totius
1470 1479 1657 1521 Graeciae
1684 1477 1880 1521 coivisse

145 1555 335 1607 dicitur,
364 1553 610 1606 Hercules,
636 1553 821 1606 Castor,
845 1553 1032 1607 Pollux,
1063 1556 1145 1597 Dis
1178 1555 1350 1613 geniti,
1376 1556 1544 1613 aliique
1568 1571 1710 1614 >reges
1740 1563 1784 1598 et
1805 1569 1879 1597 re·-

146 1647 254 1690 gum
288 1628 394 1684 filii,
417 1637 544 1673 vates
569 1630 761 1687 Mopsus
794 1638 838 1673 et
872 1629 1068 1684 Idmon,
1098 1632 1345 1690 Naupegus
1369 1635 1541 1688 Argus,
1572 1649 1597 1674 a
1621 1633 1731 1674 navi
1754 1634 1883 1688 Argo

148 1710 296 1752 dictus
308 1741 319 1761 ,
338 1707 558 1750 celeustes
575 1706 673 1763 ipse
688 1707 903 1764 Orpheus
917 1741 928 1760 ,
947 1707 1308 1766 navismagister
1325 1718 1369 1752 et
1386 1709 1672 1766 gubernator
1691 1707 1882 1765 Tiphys..

147 1785 359 1843 Denique
395 1798 563 1826 navem
599 1782 746 1840 ipsam
775 1783 1009 1827 fatidicam
1036 1793 1080 1826 et
1110 1784 1312 1827 humana
1340 1799 1454 1827 voce
1478 1785 1702 1838 locutam,
1734 1783 1783 1825 in
1812 1782 1882 1824 fn·-

149 1862 270 1905 bulis
296 1868 374 1902 est.
406 1859 582 1901 Habuit
607 1858 732 1902 enim
757 1859 961 1903 carinam
992 1875 1015 1903 e
1040 1860 1295 1903 Dodonide
1327 1876 1510 1918 quercu.
1550 1860 1688 1903 Unde
1732 1868 1776 1902 et
1811 1858 1885 1902 Ci-

151 1936 307 1981 ceroni
341 1934 557 1979 divinum
586 1939 960 1993 Argonautarum
986 1937 1249 1980 vehiculum
1278 1937 1459 1981 dicitur.

216 2014 319 2057 CAP.
344 2013 429 2056 III.
468 2013 712 2054 Herculem
737 2022 782 2055 et
804 2013 1029 2056 Liberum.
1059 2014 1179 2057 Tota
1204 2013 1411 2057 Herculis
1440 2013 1661 2069 historia,
1692 2029 1770 2056 seu
1794 2028 1877 2071 po—

152 2091 240 2134 tius
272 2089 425 2133 fabula
458 2087 682 2147 mythica,
719 2088 881 2131 eadem
919 2097 985 2132 est
1021 2106 1119 2148 quae
1156 2090 1407 2134 Samsonis.
1434 2090 1646 2133 Herculis
1676 2091 1887 2133 Nemaeus

154 2170 250 2223 leo,
282 2167 345 2210 ait
388 2166 563 2220 Serar„
606 2180 765 2208 nonne
801 2166 1037 2209 Samsonis
1077 2167 1411 2210 Thimnatheus
1450 2168 1524 2210 leo
1562 2165 1657 2210 est?
1696 2165 1887 2224 Hydrae,

153 2243 398 2297 Centauri,
427 2241 770 2301 Stymphalides
796 2257 924 2297 aves,
954 2243 1133 2301 aliaque
1167 2243 1215 2286 id
1243 2259 1408 2302 genus,
1435 2259 1594 2287 nonne
1623 2242 1886 2285 Pliilista>o--

154 2337 257 2365 rum
288 2321 486 2378 impetus
519 2306 658 2361 sunt?
685 2318 810 2372 Quid
841 2319 941 2362 duae
965 2319 1178 2363 Herculis
1204 2322 1453 2375 columnae,
1478 2335 1638 2363 nonne
1670 2319 1758 2361 illae
1790 2319 1888 2361 duae

157 2406 265 2441 sunt
295 2411 406 2455 quas
439 2394 693 2450 concussit,
719 2403 766 2438 et
796 2411 878 2452 per
906 2411 1041 2453 quas,
1068 2397 1315 2454 quemdam
1340 2399 1467 2440 velut
1490 2398 1721 2440 malorum
1745 2397 1890 2439 Ocea-

156 2491 266 2518 num
306 2472 357 2516 in
397 2471 654 2516 Philistaeos
694 2471 913 2514 immisit?
949 2473 1091 2516 Foeda
1124 2474 1235 2516 item
1267 2474 1477 2517 Herculis
1509 2474 1633 2532 apud
1675 2473 1888 2531 Ompha-

157 2554 231 2595 len
254 2549 461 2593 ‘servitus
497 2557 541 2590 et
570 2547 897 2602 effoeminatio,
933 2558 1186 2607 caeteraque
1227 2550 1321 2607 ejus
1357 2551 1529 2605 libido,
1560 2566 1718 2594 nonne
1752 2553 1886 2594 Sam-

161 2626 313 2680 sonis,
331 2625 378 2668 in
403 2627 564 2668 Gazaea
590 2624 833 2667 meretrice
857 2639 907 2667 ac
930 2625 1412 2683 Dalila,petulantiam
1438 2637 1481 2670 et
1498 2627 1767 2670 servitutem
1792 2627 1890 2669 cla-

158 2703 317 2747 mant?
341 2703 473 2745 Mors
502 2701 550 2743 in
577 2702 698 2745 OEta
724 2710 883 2744 monte
909 2710 1075 2759 sponte
1101 2717 1152 2745 ac
1176 2704 1299 2745 ultro
1328 2713 1561 2762 suscepta,
1594 2704 1652 2746 de
1678 2704 1893 2746 volunta-

159 2781 231 2823 rio
264 2779 402 2823 etiam
431 2778 667 2821 Samsonis
704 2777 913 2832 interitu,
946 2794 1044 2821 non
1080 2779 1273 2822 omnino
1307 2780 1423 2822 nihil
1456 2779 1714 2838 significat?
1746 2782 1815 2823 Ita
1849 2789 1893 2822 et

169 2855 471 2913 Augustinus,
506 2854 592 2896 Civ.
620 2855 733 2906 Det,
764 2869 842 2896 xv]
854 2870 918 2907 11,
950 2870 1028 2913 193
1052 2855 1286 2909 Philasux,
1309 2857 1367 2898 de
1384 2858 1585 2908 Hoeres.,
1607 2872 1643 2899 c.
1664 2856 1714 2910 8,
1739 2856 1890 2899 etalii.

169 2932 296 2975 Sicut
318 2933 501 2991 Moyses
519 2931 773 2974 Gentilium
790 2930 901 2973 deus
925 2930 1069 2973 Liber
1093 2940 1181 2985 est,
1208 2932 1270 2975 ait
1295 2933 1507 2991 Thysius,
1527 2948 1583 2975 ex
1601 2933 1824 2987 Eusebio,
1849 2934 1894 2975 in

169 3009 362 3060 Clzron„
389 3016 433 3050 et
460 3010 650 3061 Vossio,
677 3008 735 3049 de
772 3008 918 3058 Mol„
955 3023 996 3061 1,
1024 3007 1105 3062 26,
1130 3009 1190 3050 ita
1218 3007 1644 3070 Josue(etsamson)
1676 3010 1894 3053 Hercules

166 3083 426 3128 Phoenicius
440 3099 517 3125 seu
527 3083 706 3142 Tyrius,
719 3100 853 3141 quem
865 3083 1104 3126 Phcenices
1114 3085 1187 3126 vel
1200 3085 1326 3143 Tyrii
1337 3085 1399 3127 ob
1415 3086 1663 3143 stupendas
1677 3085 1894 3128 victorias

166 3162 228 3205 ita
263 3160 577 3203 nominarunt.
603 3160 721 3203 Nam
757 3170 947 3218 uterque
979 3176 1080 3202 cum
1107 3161 1385 3219 Gigantibus
1410 3163 1575 3220 proelia
1607 3161 1894 3205 commisisse

168 3237 337 3280 dicitur
360 3236 410 3278 in
434 3234 603 3278 Arabia
639 3245 683 3278 et
718 3236 862 3294 Syria.
897 3237 1094 3279 Tantum
1120 3253 1178 3280 ne
1208 3236 1492 3297 intelligatur
1523 3239 1771 3281 Thebanus
1795 3238 1895 3292 ille,

170 3313 250 3357 sed
293 3313 409 3356 alter
449 3311 676 3365 Orientis,
718 3328 854 3369 quem
886 3313 1156 3373 AEgyptium
1191 3329 1358 3357 vocare
1402 3330 1666 3373 possumus,
1703 3314 1806 3372 quia
1848 3314 1893 3357 in

178 3392 370 3450 AEgyplo
416 3397 573 3444 natus,
614 3388 852 3444 Indicum,
894 3390 942 3433 id
986 3400 1050 3433 est
1090 3391 1365 3446 Arabicum,
1399 3391 1504 3450 quia
1538 3391 1612 3434 hic
1643 3406 1714 3435 res
1749 3399 1896 3434 tantas
