2248 3697
390 240 449 284 50
1128 233 1367 279 JUSTINI

390 350 503 423 ejus
530 357 676 409 erat,
711 342 874 397 armis
919 361 972 395 se
1005 350 1352 415 recepturum
1387 335 1555 390 filium
1590 333 1812 387 dixerat.
1839 334 1969 385 Post.
2001 331 2113 385 haec

393 444 536 521 leges
565 442 711 519 pacis
745 440 1007 495 dicuntur
1033 460 1044 492 ε
1070 439 1191 492 «Ut
1225 437 1352 493 Asia
1391 433 1654 489 Romanis
1701 429 1913 485 cederet
1942 451 1955 483 t
1985 450 2114 484 con-

395 554 579 599 tentus
618 542 784 618 Syriae
821 561 992 616 regno
1029 550 1168 593 esset
1206 558 1216 590 :
1248 555 1410 590 naves
1444 533 1750 599 universaS‚
1783 529 2028 605 captivos
2067 539 2115 580 et

394 640 702 718 transfugas
732 639 1008 703 traderet3
1033 647 1423 710 sumptumque
1457 651 1673 686 omnem
1703 627 1829 683 belli
1854 627 2113 683 Romanis

395 741 761 795 restitueret.»
778 741 916 810 Quae
936 756 1107 812 quum
1134 734 1389 788 nuntiata
1410 730 1683 787 Antiocho
1713 739 1919 798 essent,
1948 747 2124 781 «non-

400 839 530 893 dum
563 839 638 893 ita
669 839 876 892 victum
919 856 973 888 se
1010 853 1123 888 esse
1157 829 1463 906 respondit,
1501 842 1562 882 ut
1587 827 1809 903 spoliari
1850 848 1904 881 se
1951 846 2123 901 regno

404 950 709 1013 pateretur3
742 933 977 1008 bellique
1030 952 1088 985 ea
1131 931 1501 997 irritamenta,
1549 948 1660 981 non
1713 927 1859 1000 pacis
1908 924 2123 979 blandi-

407 1050 586 1092 menta
614 1055 745 1089 esse.
766 1058 790 1084 2)

485 1137 634 1191 VIII.
662 1135 841 1210 Igitur
876 1152 1047 1208 quum
1078 1130 1146 1184 ab
1180 1130 1426 1203 utrisque
1460 1125 1663 1181 bellum
1697 1137 2015 1203 pararetur,
2051 1125 2132 1178 in-

411 1235 685 1313 gressique
718 1233 900 1289 Asiam
933 1230 1167 1286 Romani
1206 1227 1345 1283 Ilion
1381 1227 1686 1294 venissent,
1722 1237 1916 1279 mutua
1948 1236 2134 1301 gratu-

413 1334 538 1390 latio
563 1332 845 1388 Iliensium
879 1350 941 1385 ac
970 1333 1349 1384 Romanorum
1386 1326 1488 1380 fuit
1509 1369 1522 1389 ,
1555 1323 1846 1379 Iliensibus
1879 1325 2130 1391 AEneam,

417 1445 733 1507 ceterosque
775 1450 899 1484 cum
939 1449 1003 1482 eo
1045 1427 1208 1480 duces
1242 1447 1271 1479 a
1319 1446 1373 1479 se
1407 1424 1714 1499 profectos,
1749 1422 2043 1490 Romanis,
2086 1442 2138 1475 se

417 1533 486 1586 ab
525 1531 609 1585 his
659 1539 1002 1606 procreatOS,
1049 1525 1429 1580 referentibus.
1473 1526 1760 1596 Tantaque
1797 1520 1983 1575 laetitia
2031 1540 2142 1574 om-

420 1633 573 1686 nium
608 1629 740 1697 fuit,
788 1639 993 1703 quanta
1027 1645 1140 1680 esse
1182 1636 1307 1700 post
1340 1622 1567 1699 longum
1608 1634 1823 1696 tempus
1870 1621 2012 1675 inter
2054 1640 2145 1696 pa-

420 1742 599 1785 rentes
632 1740 685 1782 et
726 1726 927 1781 liberos
977 1722 1128 1779 solet.
1174 1722 1407 1778 Juvabat
1454 1721 1676 1775 Ilienses
1715 1732 1942 1795 nepotes
1982 1740 2107 1773 suos
2133 1762 2145 1783 ‚

424 1827 722 1884 Occidente
760 1837 812 1879 et
843 1823 1025 1880 Africa
1057 1822 1290 1890 domita,
1330 1822 1513 1876 Asiam
1550 1832 1611 1873 ut
1644 1819 1853 1873 avitum
1887 1838 2147 1894 regnum,

426 1927 734 1992 vindicare,
777 1922 1075 2000 optabilem
1110 1922 1287 1996 Trojae
1329 1922 1546 1973 ruinam
1579 1919 1742 1973 fuisse
1779 1918 2049 1988 dicentes,
2089 1930 2150 1971 ut

425 2039 537 2081 tam
580 2024 807 2079 feliciter
842 2033 1236 2076 renasceretur.
1282 2023 1489 2075 Contra
1529 2023 1836 2087 RomanOS‚
1869 2019 2041 2072 avitos
2074 2016 2149 2071 la-

430 2146 544 2194 res,
579 2136 631 2178 et
670 2120 999 2178 incunabula
1033 2121 1339 2194 majorum,
1377 2117 1691 2192 templaque
1727 2138 1788 2171 ac
1825 2117 2055 2171 deorum
2087 2117 2155 2169 si-

434 2224 703 2289 mulacra,
739 2220 1063 2298 inexplebile
1104 2219 1433 2275 desiderium
1472 2216 1695 2271 videndi
1742 2215 1975 2270 tenebat.
2022 2218 2157 2269 Pro-

435 2325 587 2379 fectis
607 2323 674 2377 ab
693 2321 796 2376 Ilio
813 2321 1079 2375 Romanis
1099 2322 1369 2374 Eumenes
1386 2337 1480 2370 rex
1503 2337 1629 2371 cum
1653 2314 1867 2370 auxiliis
1887 2315 2126 2369 occurrit
2147 2336 2156 2367 :

439 2445 537 2478 nec
578 2421 751 2478 multo
809 2433 931 2496 post
982 2417 1235 2496 proelium
1287 2438 1411 2472 cum
1469 2415 1743 2471 Antiocho
1793 2414 2157 2468 commissum.

442 2524 632 2594 Quum
674 2522 728 2574 in
754 2519 1062 2573 >dexteriore
1093 2537 1264 2572 cornu
1297 2515 1451 2592 pulsa
1481 2514 1621 2591 legio
1660 2533 1887 2569 romana
1907 2556 1920 2583 ‚
1959 2514 2165 2588 majore

444 2621 708 2676 dedecore
750 2640 913 2694 quam
963 2616 1234 2694 periculo,
1283 2616 1351 2670 ad
1393 2627 1568 2670 castra
1605 2614 1844 2689 fugeret,
1889 2614 1965 2666 M.
2005 2612 2167 2665 AEmi-

448 2722 577 2791 lius,
614 2721 868 2776 tribunus
900 2716 1161 2785 militum,
1197 2716 1264 2769 ad
1308 2715 1534 2770 tutelam
1569 2725 1874 2767 castrorum
1911 2709 2167 2772 relictus,

448 2841 659 2876 armare
704 2841 757 2874 se
808 2817 1008 2873 milites
1046 2838 1198 2886 suos7
1244 2828 1295 2869 et
1338 2827 1490 2868 extra
1535 2811 1739 2865 vallum
1786 2809 2043 2886 progredi
2083 2810 2171 2883 ju-

449 2923 573 2989 bet⁷
621 2920 931 2994 strictisque
975 2916 1165 2993 gladiis
1212 2913 1545 2989 fugientibus
1602 2911 1829 2974 minari,
1876 2909 2173 2963 morituros

455 3021 662 3086 dicens,
695 3020 798 3072 nisi
834 3019 888 3071 in
928 3015 1182 3093 proelium
1227 3024 1596 3077 revertantur3
1630 3009 2020 3083 infestioraque
2048 3028 2175 3074 sua,

457 3140 619 3193 quam
651 3119 918 3185 hostium,
953 3128 1129 3169 castra
1165 3116 1496 3167 inventuros,
1548 3110 1797 3164 Attonita
1848 3121 1960 3162 tam
2005 3107 2177 3161 ambi-

461 3240 566 3293 guo
614 3215 856 3293 periculo
901 3214 1068 3289 legio,
1115 3210 1504 3266 comitantibus
1553 3206 2039 3274 commilitonibus,
2085 3208 2178 3279 qui
