2248 3697
535 188 976 231 HISTORIARUM
1011 191 1120 231 LIB.
1158 191 1332 233 XXXI.
1739 196 1794 246 Λ,-

71 302 209 357 arte,
250 289 511 364 corrupit.
557 292 786 343 Senatus
828 289 1084 342 mandata
1123 291 1362 361 fuerant,
1405 305 1462 346 ut
1505 307 1797 349 contentus

71 390 314 443 terminis
351 390 488 443 Asiae
524 401 693 456 esset,
727 409 794 442 ne
840 389 967 463 ipsis
1001 389 1341 463 ingrediendi
1387 394 1568 447 Asiam
1609 415 1795 449 neces-

70 493 283 546 sitatem
334 493 654 566 imponeret.
712 491 931 560 Quibus
981 493 1208 566 spretiS,
1259 513 1368 545 non
1419 497 1792 569 accipiendum

69 591 271 645 bellum
305 592 527 657 statuit,
562 591 652 644 sed
683 590 1042 644 inferendum.

148 693 213 743 V.
249 691 493 756 Dicitur,
542 711 713 763 quum
749 690 1062 765 frequenter
1097 691 1162 745 de
1204 691 1346 746 bello
1379 692 1667 748 consilium
1701 708 1794 750 na-

70 790 302 857 buisset,
336 800 547 843 remoto
581 788 879 857 Annibale,
913 790 1132 844 tandem
1162 811 1289 845 eum
1324 793 1506 846 vocari
1539 793 1791 866 jussisse,

74 909 182 941 non
221 900 282 941 ut
309 908 373 941 ex
406 889 674 942 sententia
708 890 823 962 ejus
856 888 1063 963 aliquid
1092 903 1302 966 ageret,
1337 890 1426 945 sed
1464 912 1531 945 ne
1558 912 1654 966 per
1687 913 1797 946 om-

70 988 160 1040 nia
208 1008 332 1041 eum
382 988 648 1063 sprevisse
689 988 996 1057 videretur3
1045 989 1410 1065 omnibusque
1460 993 1792 1067 perrogatiS,

71 1098 409 1160 postremum
436 1088 817 1162 interrogasse.
847 1088 975 1156 Quo
1000 1087 1089 1140 ille
1122 1088 1529 1159 animadverso,
1557 1113 1583 1139 «
1603 1089 1800 1144 intelli-

73 1205 197 1260 gere
241 1206 295 1238 se
327 1185 603 1258 professus
649 1196 756 1251 est,
803 1206 913 1238 non
952 1187 1081 1260 quia
1112 1199 1267 1261 egeat
1306 1187 1566 1259 consilio,
1605 1189 1697 1243 sed
1730 1192 1798 1244 ad

70 1282 435 1359 supplendum
477 1305 766 1338 numerum
819 1286 1247 1357 sententiarum,
1292 1308 1347 1341 se
1390 1301 1673 1358 vocatum;
1724 1302 1799 1344 ta-

70 1403 193 1438 men
229 1396 280 1437 et
314 1383 441 1438 odio
479 1388 884 1452 Romanorum,
920 1397 973 1438 et
1007 1406 1193 1440 amore
1237 1389 1411 1462 regiS,
1451 1389 1598 1463 apud
1633 1410 1796 1464 quem

70 1481 246 1536 solum
276 1496 456 1537 tutum
487 1484 588 1538 sibi
615 1483 865 1538 exsilium
895 1483 1147 1539 relictum
1185 1487 1284 1555 sit,
1321 1507 1374 1540 se
1404 1488 1546 1540 viam
1574 1488 1799 1564 gerendi

71 1581 195 1635 belli
242 1582 693 1638 edisserturum.»
716 1585 948 1637 Veniam
983 1584 1178 1638 deinde
1216 1584 1455 1639 libertati
1503 1587 1788 1661 praefatus,

71 1679 245 1734 «nihil
275 1702 329 1734 se
359 1694 454 1734 aut
495 1680 875 1750 consiliorum,
926 1694 1019 1735 aut
1062 1696 1367 1758 coeptorum
1402 1687 1750 1759 praesentium
1773 1731 1783 1741 .

75 1780 302 1855 probare
341 1781 447 1858 ait;
483 1801 660 1855 neque
704 1780 884 1834 sedem
924 1780 1050 1835 belli
1090 1784 1360 1837 Graeciam
1412 1784 1511 1838 sibi
1546 1783 1793 1860 placere,

69 1902 239 1956 quum
275 1880 433 1935 Italia
462 1881 685 1935 uberior
716 1882 942 1935 materia
977 1882 1045 1935 sit
1074 1903 1084 1935 :
1114 1884 1318 1958 quippe
1347 1887 1624 1939 Romanos
1650 1887 1796 1941 vinci

71 2002 180 2035 non
212 1981 316 2034 nisi
350 1982 514 2034 armis
542 1982 650 2034 suis
688 2001 868 2055 posse,
908 2002 1006 2035 1166
1040 1981 1252 2036 Italiam
1286 1982 1467 2055 aliter,
1500 2005 1662 2059 quam
1702 1986 1796 2040 ita-

70 2080 185 2135 licis
222 2081 424 2134 viribus
463 2082 638 2157 subigi
683 2103 692 2134 :
731 2081 998 2156 siquidem
1041 2081 1317 2136 diversum
1362 2086 1554 2138 ceteris
1598 2099 1797 2140 morta-

73 2180 212 2233 libus
253 2201 366 2234 esse
408 2179 542 2234 illud
576 2194 629 2235 et
668 2183 955 2235 hominum
1001 2194 1053 2236 et
1087 2182 1208 2236 belli
1248 2204 1435 2259 genus
1475 2183 1607 2239 Aliis
1639 2183 1792 2240 bellis

75 2279 372 2354 plurimum
404 2282 668 2334 momenti
700 2282 900 2336 habere
926 2283 1165 2357 priorem
1201 2281 1437 2358 aliquam
1466 2286 1672 2360 cepisse
1703 2306 1794 2340 oc—

72 2380 342 2433 casionem
381 2378 482 2432 loci
522 2382 917 2454 temporisque,
953 2402 1114 2457 agros
1145 2382 1466 2457 diripuisse,
1504 2385 1664 2439 urbes
1705 2384 1800 2438 ali-

73 2499 203 2553 quas
241 2498 578 2555 expugnasse
614 2500 623 2533 z
656 2500 778 2533 cum
812 2484 1089 2550 RomanO,
1134 2503 1227 2536 seu
1263 2486 1613 2559 occupaveris
1645 2485 1795 2559 prior

69 2579 283 2653 aliqua,
318 2599 409 2632 seu
443 2580 660 2648 viceris,
685 2592 799 2632 tum
828 2582 990 2633 etiam
1024 2601 1147 2634 cum
1182 2582 1328 2636 victo
1362 2595 1413 2636 et
1439 2584 1654 2657 jacente
1686 2583 1795 2638 luc-

74 2678 302 2732 tandum
335 2699 462 2732 esse.
500 2679 875 2749 Quamobrem
913 2681 954 2733 si
989 2681 1109 2754 quis
1142 2702 1232 2735 eos
1266 2684 1319 2735 in
1354 2681 1513 2737 Italia
1548 2683 1796 2750 lacessat,

75 2778 183 2830 suis
219 2798 309 2831 eos
350 2778 571 2852 opibus,
609 2779 717 2832 suis
750 2779 982 2847 viribus,
1018 2781 1128 2833 suis
1165 2782 1326 2834 armis
1358 2802 1515 2856 posse
1554 2784 1797 2840 vincere.

76 2877 214 2929 sicut
262 2878 374 2952 ipse
416 2878 614 2931 fecerit.
652 2879 744 2930 Sin
796 2898 921 2931 vero
959 2880 1079 2951 quis
1116 2878 1217 2932 illis
1259 2879 1415 2934 Italia
1456 2880 1604 2935 velut
1649 2883 1795 2937 fonte

77 2976 274 3028 virium
319 2978 560 3045 cesserit,
595 2977 819 3051 perinde
854 2975 992 3046 falli,
1027 2999 1087 3032 ac
1121 2980 1161 3031 si
1201 2979 1322 3052 quis
1354 2999 1538 3033 amnes
1579 3002 1688 3033 non
1731 2984 1797 3035 ab

78 3075 206 3148 ipsis
233 3075 465 3128 fontium
484 3077 797 3151 primordiis
815 3078 1060 3131 derivare
1077 3121 1090 3144 ,
1114 3079 1205 3132 sed
1226 3081 1615 3153 concretisjam
1643 3101 1799 3155 aqua-

81 3194 197 3225 rum
226 3171 458 3224 molibus
485 3188 725 3229 avertere
744 3220 756 3244 ,
791 3176 871 3229 vel
892 3178 1159 3231 exsiccare
1178 3177 1323 3231 velit.
1345 3181 1473 3232 Haec
1508 3192 1559 3232 et
1589 3193 1795 3233 secreto
