2315 3868
671 340 1149 383 PHILIPPICARUM
1184 340 1389 383 TROGI.
1800 354 1814 381 1
1827 339 1885 381 65

167 442 441 496 translatis
468 444 521 495 in
549 443 731 496 Asiam
753 439 930 508 bellis,
961 452 1151 514 captus
1177 461 1207 493 a
1234 441 1460 495 Seleuco
1491 442 1731 496 decessit.
1763 445 1887 496 Pto-

170 542 406 606 lemaeus,
431 552 751 616 nuncupato
773 559 1078 592 successore
1100 538 1211 591 filio
1233 538 1619 614 Philadelpho,
1644 541 1885 596 decessit.

166 642 242 693 Ut
266 641 621 715 Lysimachus
647 639 700 691 in
724 641 901 692 Ponto
926 650 1116 712 captus
1141 659 1202 691 ac
1227 638 1421 691 missus
1447 658 1476 691 a
1497 641 1886 707 Dromichaete,

165 759 354 793 rursus
381 740 436 792 in
461 739 588 793 Asia
613 738 882 804 civitateS,
910 758 1029 812 quae
1055 737 1153 791 sub
1180 739 1461 792 Demetrio
1487 737 1725 810 fuerant,
1754 754 1807 794 et
1834 743 1887 794 in

163 840 340 891 Ponto
374 835 692 891 Heracleam
729 838 1025 911 occuparit.
1070 838 1335 911 Repetitae
1377 836 1502 891 inde
1537 839 1803 912 Bithyniae
1838 852 1888 894 et

164 934 548 991 Heracleaticae
590 938 855 1012 origines,
895 938 1218 1012 tyrannique
1251 936 1523 991 Heracleae
1559 936 1888 1005 ClearchuS,

163 1047 218 1089 et
247 1038 498 1111 Satyrus,
529 1049 582 1090 et
609 1037 932 1112 Dionysius,
966 1056 1198 1110 quorum
1228 1034 1351 1090 filiis
1382 1036 1619 1107 infectis,
1653 1039 1890 1112 Lysima-

165 1135 298 1189 chus
325 1138 611 1211 occupavit
640 1137 845 1190 urbem.

635 1314 981 1349 PROLOGUS
1028 1315 1205 1349 LIBRI
1252 1315 1410 1348 xvn.

242 1453 487 1526 Septimo
518 1452 730 1506 decimo
759 1451 1038 1506 volumine
1070 1453 1423 1507 continentur
1452 1454 1565 1508 haec
1595 1476 1605 1508 :
1634 1457 1710 1509 Ut
1742 1459 1892 1531 Lysi-

161 1551 414 1621 machus,
446 1552 624 1605 occiso
658 1550 769 1604 filio
807 1551 1109 1626 Agathocle
1144 1573 1239 1626 per
1268 1573 1556 1606 novercam
1588 1556 1889 1624 Arsinoen,

160 1648 363 1703 bellum
406 1671 531 1704 cum
575 1671 701 1727 rege
744 1649 969 1705 Seleuco
1011 1650 1236 1717 habuit,
1277 1671 1386 1725 quo
1421 1654 1597 1707 victus
1635 1654 1840 1709 interiit
1876 1677 1886 1709 ε

160 1748 525 1824 ultimumque
555 1761 829 1803 certamen
862 1748 1300 1803 commilitonum
1333 1749 1625 1805 Alexandri
1657 1753 1775 1807 fuit.
1811 1757 1891 1809 Ut

159 1847 444 1918 Seleucus,
487 1849 695 1902 amissis
741 1850 796 1901 in
836 1848 1187 1924 Cappadocia
1228 1870 1350 1902 cum
1398 1850 1646 1904 Diodoro
1689 1854 1888 1927 copiiS,

158 1947 469 2003 interfectus
507 1961 587 2002 est
622 1969 651 2002 a
680 1947 1003 2017 Ptoleman,
1037 1948 1203 2002 fratre
1230 1949 1487 2003 Arsinoes
1521 1952 1705 2004 uxoris
1738 1953 1890 2026 Lysi-

156 2047 361 2116 machi,
393 2048 448 2101 in
477 2049 633 2123 cujus
662 2049 833 2101 vicem
863 2045 1185 2102 Ptolemaeus
1217 2050 1544 2123 cognomine
1572 2052 1886 2122 Ceraunus,

157 2158 369 2201 creatus
409 2147 476 2200 ab
520 2148 759 2201 exercitu
803 2168 923 2215 rex,
966 2146 1348 2200 Macedoniam
1389 2151 1706 2222 occupavit3
1744 2149 1888 2205 bella

156 2265 281 2298 cum
318 2246 592 2300 Antiocho
630 2259 683 2301 et
710 2247 924 2322 Pyrrho
958 2247 1292 2321 composuit,
1327 2246 1465 2300 datis
1494 2249 1707 2322 Pyrrho
1736 2251 1888 2303 auxi’-

154 2342 270 2410 liis,
306 2345 504 2418 quibus
542 2346 646 2399 iret
681 2358 871 2400 contra
907 2348 1217 2415 Romanos,
1254 2344 1533 2399 defensum
1566 2350 1883 2404 Tarentum.

155 2444 288 2498 Inde
328 2446 573 2520 repetitae
617 2446 854 2521 origines
892 2466 1084 2521 regum
1126 2446 1562 2520 Epiroticorum,
1602 2468 1775 2522 usque
1818 2448 1884 2503 ad

154 2544 427 2616 Pyrrhum
456 2566 466 2598 :
498 2545 775 2619 ipsiusque
798 2543 994 2618 Pyrrhi
1023 2564 1106 2598 res
1136 2556 1322 2620 gestae,
1348 2545 1669 2620 priusquam
1697 2547 1751 2600 in
1780 2550 1885 2602 Ita-

154 2641 283 2697 liam
311 2645 543 2719 trajecit.

612 2776 963 2810 PROLOGUS
1008 2776 1186 2810 LIBRI
1233 2777 1416 2811 XVIII.

233 2911 446 2966 Octavo
492 2910 704 2966 decimo
749 2909 1029 2965 volumine
1074 2913 1429 2966 continentur
1472 2934 1556 2967 res
1598 2935 1628 2967 a
1669 2917 1880 2990 Pyrrho

152 3010 381 3084 Epirota
407 3012 460 3064 in
487 3010 645 3066 Italia
675 3023 835 3087 gestae
862 3023 1053 3065 contra
1083 3014 1360 3065 Romanos
1387 3032 1398 3065 :
1423 3015 1660 3087 Postque
1689 3014 1742 3067 id
1769 3015 1880 3069 bel-

153 3107 293 3177 lum,
319 3111 721 3186 transitusejus
747 3111 802 3164 in
829 3109 1068 3166 Siciliam
1094 3110 1352 3165 adversus
1378 3112 1872 3188 Carthaginienses.

152 3207 284 3261 Inde
310 3208 545 3283 origines
571 3210 887 3264 Phoenicum
905 3253 918 3277 ,
946 3222 997 3263 et
1025 3208 1266 3278 Sidonis,
1292 3222 1345 3264 et
1372 3209 1567 3278 Veliae3
1591 3213 1877 3290 Carthagi·

153 3305 533 3381 niensiumque
562 3328 646 3362 res
678 3321 837 3384 gestae
867 3310 920 3362 in
951 3329 1172 3363 excessu
1202 3308 1373 3362 dictae.
