2248 3697
368 282 749 300 mhwmmmssm
755 282 762 292 ἱ
768 280 976 295 l'tvimwm
985 279 1450 297 mmlmxhuwm
1455 279 1680 296 mmm-rm
1687 277 1896 294 {mmmm
1902 276 2070 293 »Μὶὶ-ὮὯ

805 555 1144 625 LIBER
1211 553 1627 622 XXXVII.

349 1085 391 1136 I.
443 1038 673 1142 CAPTO
717 1082 1051 1151 Aristonico,
1100 1077 1464 1133 Massilienses
1509 1099 1609 1152 pro
1655 1076 2072 1132 Phocaeensibus

349 1180 724 1236 conditoribus
765 1182 899 1249 suis,
931 1199 1166 1254 quorum
1204 1177 1399 1232 urbem
1437 1189 1656 1232 senatus
1696 1188 1748 1231 et
1781 1196 1943 1231 omne
1973 1196 2072 1230 no-

349 1302 508 1352 men,
554 1281 702 1356 quod
747 1293 799 1335 et
843 1293 1008 1349 tunc,
1056 1291 1109 1333 et
1154 1290 1315 1333 antea
1359 1277 1615 1334 Antiochi
1659 1275 1831 1346 bello,
1880 1276 2075 1331 infesta

349 1393 539 1435 contra
582 1379 849 1457 populum
895 1400 1183 1434 romanum
1235 1399 1385 1433 arma
1430 1376 1702 1447 tulerant,
1749 1376 1917 1431 deleri
1961 1376 2076 1450 jus-

347 1492 519 1550 serat,
566 1479 773 1556 legatos
810 1482 1044 1534 Romam
1088 1477 1438 1551 deprecatum
1481 1477 1706 1544 misere,
1749 1475 2075 1549 veniamque

345 1579 428 1633 his
460 1600 491 1633 a
522 1590 715 1634 senatu
750 1577 1053 1632 obtinuere.
1090 1579 1220 1630 Post
1252 1576 1367 1630 haec
1398 1575 1652 1651 regibus,
1686 1575 1781 1650 qui
1815 1573 2073 1630 adversus

345 1680 715 1736 Aristonicum
760 1676 961 1731 auxilia
1008 1675 1286 1743 tulerant,
1326 1675 1550 1750 praemia
1590 1673 1867 1750 persoluta
1913 1697 1924 1728 :
1968 1676 2072 1729 Mi-

346 1777 570 1832 thridati
610 1777 839 1833 Pontico
880 1776 1117 1852 Phrygia
1156 1775 1362 1850 major,
1400 1773 1522 1829 filiis
1559 1774 1896 1845 AriarathiS,
1931 1775 2073 1849 regis

348 1877 738 1953 Cappadociae,
785 1877 878 1952 qui
926 1875 1117 1930 eodem
1161 1873 1306 1930 bello
1353 1874 1655 1943 occiderat,
1699 1875 1976 1949 Lycaonia
2020 1887 2071 1928 et

346 1976 537 2032 Cilicia
561 1976 722 2047 datae3
755 1975 1077 2051 fideliorque
1115 1973 1352 2051 populus
1378 1995 1639 2029 romanus
1666 1974 1723 2028 in
1749 1975 1879 2029 socii
1906 1973 2070 2045 filios,

347 2096 510 2150 quam
535 2088 707 2130 mater
731 2076 786 2129 in
812 2073 1011 2131 liberos
1037 2075 1140 2129 fuit
1165 2097 1175 2128 :
1205 2075 1408 2151 quippe
1432 2075 1560 2129 hinc
1585 2073 1827 2149 parvulis
1850 2086 2071 2128 auctum

346 2196 606 2251 regnum,
631 2175 758 2229 inde
781 2176 893 2229 vita
915 2174 1184 2250 adempta.
1209 2176 1461 2249 Namque
1485 2173 1725 2228 Laodice
1751 2194 1812 2227 ex
1840 2194 2071 2229 numero

346 2296 437 2330 sex
469 2274 733 2345 filiorum,
770 2295 905 2350 quos
936 2273 1107 2328 virilis
1137 2294 1291 2328 sexus
1323 2295 1387 2328 ex
1416 2275 1706 2329 Ariarathe
1736 2294 1862 2350 rege
1894 2295 2071 2329 susce-

345 2386 531 2450 perat,
577 2376 801 2443 timens,
846 2395 914 2429 ne
957 2394 1068 2428 non
1115 2373 1326 2428 diutina
1370 2376 1524 2450 regni
1572 2373 2069 2442 administratione,

346 2473 546 2530 adultis
580 2475 941 2551 quibusdam,
977 2475 1281 2550 potiretur,
1318 2475 1561 2549 quinque
1604 2472 1937 2550 parricidiali
1979 2494 2071 2528 ve-

346 2594 490 2630 neno
523 2576 737 2629 necavit
771 2597 781 2629 :
819 2595 988 2629 unum
1026 2572 1319 2650 parvulum
1356 2573 1545 2629 sceleri
1581 2574 1770 2628 matris
1805 2585 2070 2648 cognato-

344 2695 470 2729 rum
509 2674 755 2729 custodia
793 2675 1024 2750 eripuit3
1061 2675 1154 2749 qui
1194 2686 1320 2750 post
1362 2694 1551 2729 necem
1593 2672 1856 2727 Laodices
1906 2667 2069 2744 (nam

345 2786 571 2852 propter
618 2773 995 2830 crudelitatem
1044 2795 1162 2828 eam
1213 2773 1451 2850 populus
1502 2771 1870 2848 exstinxerat)
1923 2771 2070 2828 solus

345 2894 514 2950 regno
548 2875 755 2950 potitus
790 2886 882 2929 est.
921 2874 1271 2929 Mithridates
1309 2894 1528 2950 quoque
1570 2873 1857 2947 repentina
1896 2885 2071 2929 morte

346 2975 706 3049 interceptus,
741 2972 943 3044 filium,
981 2975 1075 3049 qui
1114 2986 1167 3028 et
1210 2975 1322 3049 ipse
1361 2971 1710 3028 Mithridates
1748 2972 1922 3027 dictus
1955 2986 2066 3042 est,

346 3071 580 3148 reliquit.
633 3075 804 3149 Cujus
852 3094 914 3128 ea
962 3087 1145 3149 postea
1193 3073 1514 3149 magnitudo
1560 3073 1695 3141 fuit,
1735 3087 1796 3128 ut
1833 3095 1944 3128 non
1986 3076 2065 3128 sui

349 3183 558 3226 tantum
594 3176 888 3249 temporis,
925 3194 1113 3229 verum
1147 3175 1309 3228 etiam
1344 3174 1638 3248 superioris
1676 3176 1844 3229 aetatis
1877 3196 2067 3228 omnes

347 3290 498 3345 reges
533 3273 809 3346 majestate
844 3276 1206 3349 superaverit,
1243 3271 1491 3348 bellaque
1521 3295 1645 3328 cum
1677 3275 1935 3330 Romanis
1971 3295 2065 3350 per
