2248 3697
365 183 604 228 JUSTINI
636 183 1072 227 HISTORIARUM
1110 185 1223 226 LIB.
1260 185 1527 230 XXXVIII.
1749 195 1805 235 77

90 300 206 340 tum
256 287 532 362 octoginta
582 284 786 354 millia,
834 286 1082 361 equitum
1130 286 1316 340 decem
1366 287 1567 359 millia,
1613 310 1807 345 currus

88 385 309 441 falcatos
351 407 450 453 nc,
488 407 586 441 nec
625 386 932 454 Ariarathi,
966 384 1353 442 auxiliantibus
1387 388 1630 444 finitimis
1663 391 1810 466 regi—

86 486 217 557 buS,
248 488 483 542 minores
516 486 684 561 copiae
716 498 921 557 essent,
955 486 1225 540 incertum
1256 483 1386 540 belli
1418 487 1640 559 timenS,
1672 510 1803 544 con-

85 585 202 640 silia
232 587 299 640 ad
332 585 549 641 insidias
584 585 868 656 transfert3
903 583 1305 660 sollicitatoque
1321 585 1524 660 juvene
1549 587 1616 640 ad
1642 588 1806 643 collo-

82 686 269 756 quium
291 727 304 753 ,
339 706 510 759 quum
546 685 752 740 ferrum
791 683 1125 740 occultatum
1162 684 1304 738 inter
1338 683 1528 738 fascias
1564 699 1804 760 gereret,

81 784 369 837 scrutatori
391 784 458 838 ab
477 785 764 839 Ariarathe
786 786 935 860 regio
957 805 1108 839 more
1129 784 1319 853 miSSO,
1344 784 1609 838 curiosius
1633 785 1801 840 imum

79 895 324 937 ventrem
358 885 741 959 pertractanti,
773 886 872 954 ait,
907 908 931 934 «
950 896 1164 939 caveret
1192 904 1261 937 ne
1285 882 1434 937 aliud
1460 881 1631 938 telum
1657 884 1806 938 inve-

80 982 220 1035 niret
251 1003 414 1057 quam
445 996 772 1058 quaereret.»
799 985 979 1058 Atque
1014 984 1089 1037 ita
1122 984 1235 1037 risu
1267 984 1528 1058 protectis
1562 982 1771 1038 insidiis
1791 1027 1804 1054 ,

77 1095 392 1136 sevocatum
421 1084 487 1137 ab
518 1084 728 1152 amicis,
757 1081 908 1136 velut
936 1083 1004 1136 ad
1035 1093 1303 1136 secretum
1333 1103 1663 1154 sermonem,
1697 1085 1803 1138 ins-

76 1195 326 1256 pectante
350 1195 583 1255 utroque
603 1183 868 1251 exercitU,
889 1180 1169 1247 interficit,
1191 1201 1422 1256 regnum
1444 1183 1803 1257 Cappadociae

74 1294 196 1335 octo
222 1301 494 1335 annorum
521 1279 659 1350 filio,
692 1281 946 1356 imposito
973 1279 1276 1335 Ariarathis
1306 1281 1556 1350 nomine,
1585 1281 1801 1337 addito—

71 1401 177 1453 que
207 1382 255 1434 ei
286 1392 497 1434 rectore
529 1378 762 1449 Gordi0‚
793 1378 1032 1433 tradidit.

149 1483 216 1534 II.
265 1481 371 1534 Sed
401 1479 779 1556 Cappadoces,
815 1478 1135 1534 crudelitate
1167 1500 1229 1534 ac
1260 1478 1483 1534 libidine
1514 1481 1799 1556 praefecto-

71 1601 191 1634 rum
224 1581 421 1650 vexati,
452 1600 484 1634 a
516 1578 837 1633 Mithridate
868 1578 1150 1649 deficiunt3
1184 1579 1517 1655 fratremque
1548 1584 1716 1657 regiS,
1749 1595 1803 1636 et

69 1682 248 1755 ipsum
294 1678 639 1735 Ariarathem
686 1678 938 1748 nomine,
985 1679 1051 1732 ab
1092 1680 1253 1749 Asia,
1292 1678 1387 1732 ubi
1430 1679 1798 1748 educabatur,

69 1790 338 1833 revocant.
387 1781 530 1835 Cum
565 1799 675 1854 quo
713 1777 1061 1832 Mithridates
1102 1777 1355 1854 proelium
1395 1791 1652 1850 renovat,
1687 1783 1799 1835 vic-

67 1890 296 1954 tumque
321 1878 684 1956 Cappadociae
711 1899 880 1955 regno
909 1877 1147 1954 expellit.
1175 1880 1291 1934 Nec
1320 1877 1494 1934 multo
1521 1892 1645 1956 post
1670 1879 1796 1935 ado-

67 1976 300 2049 lescens,
329 2000 395 2033 ex
423 1977 748 2054 aegritudine
775 1976 1003 2033 collecta
1031 1977 1378 2049 infirmitate,
1410 1978 1636 2034 decedit,
1669 1983 1799 2035 Post

66 2078 229 2152 hujus
260 2092 494 2133 mortem
523 2077 849 2134 Nicomedes
884 2079 1107 2148 timenS,
1141 2100 1208 2133 ne
1236 2078 1584 2134 Mithridates
1616 2100 1794 2135 acces-

64 2178 214 2231 sione
242 2179 602 2254 Cappadociae
632 2180 795 2233 etiam
826 2179 1137 2255 Bithyniam
1168 2179 1456 2233 finitimam
1486 2179 1795 2251 invaderet,

63 2278 328 2332 subornat
378 2298 611 2353 puerum
663 2279 872 2332 eximiae
920 2277 1386 2354 pulchritudinis,
1433 2281 1589 2354 quasi
1637 2281 1796 2335 Aria-

61 2377 240 2431 rathes
289 2390 393 2431 tres
413 2420 427 2447 ,
479 2398 590 2431 non
641 2376 779 2431 duos
832 2376 971 2431 filios
1020 2379 1325 2453 genuisset,
1375 2379 1468 2453 qui
1518 2399 1548 2432 a
1602 2392 1795 2435 senatu

60 2499 290 2532 romano
344 2489 634 2552 paternum
699 2497 931 2552 regnum
984 2489 1210 2552 peteret.
1266 2480 1511 2532 Uxorem
1573 2500 1794 2555 quoque

59 2577 334 2632 Laodicen
363 2579 600 2630 Romam
632 2576 827 2643 mittit,
855 2576 923 2630 ad
953 2577 1328 2630 testimonium
1358 2577 1526 2630 trium
1555 2598 1618 2630 ex
1645 2580 1792 2632 Aria-

60 2679 213 2733 rathe
254 2689 635 2753 susceptorum
672 2675 928 2730 filiorum.
966 2675 1135 2748 Quod
1176 2677 1269 2730 ubi
1308 2676 1658 2730 Mithridates
1698 2698 1791 2731 co-

62 2778 273 2852 gnovit,
307 2789 360 2831 et
398 2778 511 2851 ipse
548 2777 665 2852 pari
699 2774 1041 2850 impudentia
1081 2774 1354 2830 Gordium
1393 2778 1628 2830 Romam
1666 2777 1792 2830 mit-

62 2877 153 2946 tit,
209 2877 303 2950 qui
365 2876 576 2930 senatui
622 2886 915 2944 assereret,
964 2894 1230 2949 puerum,
1287 2875 1376 2929 cui
1432 2875 1791 2950 Cappadociae

61 2995 297 3049 regnum
329 2975 652 3045 tradiderat,
685 2996 749 3029 ex
785 2996 848 3028 eo
884 2973 1171 3029 Ariarathe
1209 2975 1482 3049 genitum,
1517 2975 1609 3049 qui
1646 2972 1790 3028 hello

61 3074 357 3129 Aristonici
389 3074 589 3128 auxilia
620 3076 881 3130 Romanis
929 3073 1104 3128 ferens
1145 3072 1439 3128 cecidisset.
1492 3072 1599 3128 Sed
1636 3094 1791 3128 sena-

64 3184 174 3242 tus,
209 3172 390 3227 studio
420 3194 611 3248 regum
646 3174 950 3243 intellecto,
983 3172 1158 3227 aliena
1186 3193 1355 3249 regna
1381 3173 1526 3228 falsis
1558 3175 1790 3228 nomini—
