2315 3868
725 276 961 320 LIBRUM
996 276 1170 319 XXVI.
1740 289 1755 316 1
1769 289 1828 332 29

99 384 374 426 Parnassum
408 381 684 424 Larnassum
722 379 860 422 fuisse
894 375 1089 432 dictum,
1127 378 1254 435 quod
1285 380 1333 421 in
1371 394 1426 422 eo
1459 386 1620 422 monte
1663 376 1830 423 diluvii

101 464 246 522 λάρναξ
261 498 270 516 ,
284 458 375 500 hoc
392 465 457 500 est
474 471 578 500 arca
592 489 604 511 ,
621 454 900 498 constitisset
918 470 928 496 :
946 454 1037 497 hoc
1054 469 1215 497 verum
1236 463 1302 497 est
1320 470 1455 498 sensu
1475 454 1741 514 allegorico.

167 535 272 579 CAP.
294 531 397 578 VII.
434 533 590 576 Solc'do
621 546 735 574 auro
754 529 916 587 fusas.
946 528 1216 574 Herodotus
1240 539 1421 588 narrat,
1451 531 1499 574 in
1531 532 1612 575 lib.
1633 548 1676 587 1,
1701 532 1832 575 Croe-

106 628 207 656 sum
246 625 403 670 regem
441 608 678 668 Lydorum
715 606 1137 665 opulentissimum,
1176 606 1258 664 qui
1294 607 1456 649 habuit
1491 607 1658 650 divites
1691 622 1833 650 venas

107 689 205 732 auri
228 697 273 732 et
301 684 509 745 argenti,
534 684 731 727 donasse
766 684 941 742 templo
970 682 1202 742 Delphico
1236 681 1363 726 mille
1394 683 1559 726 lateres
1590 698 1647 726 ex
1680 683 1833 727 solido

107 781 219 810 auro
236 765 372 808 fusos.
390 761 522 806 Idem
536 769 627 804 erat
648 759 788 819 igitur
805 761 985 805 Croesus
996 776 1047 804 ac
1056 758 1397 819 Midas‚Lydiae
1414 774 1496 801 rex
1510 759 1839 817 pecuniosissi-

109 857 234 895 mus,
280 837 358 897 qui
406 836 640 896 quidquid
687 837 946 895 attingebat
992 836 1041 879 in
1085 852 1250 880 aurum
1284 834 1517 890 vertebat,
1554 835 1634 894 qui
1666 835 1837 879 solidas

110 931 235 959 arces
270 923 315 958 et
346 914 496 974 regias
522 915 624 957 solo
658 922 873 957 contactu
897 914 945 956 in
969 929 1132 957 aurum
1156 912 1474 956 convertebat.
1507 912 1690 956 Croesus
1714 912 1839 955 enim

110 1007 284 1036 nomen
319 991 467 1035 oritur
503 1007 528 1035 a
559 996 722 1054 χροΐζω,
761 999 903 1049 tango
946 991 1021 1034 vel
1057 990 1212 1049 tingo,
1256 989 1440 1045 coloro,
1473 997 1726 1047 sonatque,
1764 988 1844 1047 qui

109 1069 335 1128 quidquid
362 1069 515 1128 tangit
546 1069 591 1112 in
626 1083 790 1111 aarum
818 1068 964 1111 vertit.

667 1244 740 1285 IN
784 1242 1082 1285 LIBRUM
1124 1241 1289 1284 XXV.

179 1395 284 1438 Cap.
312 1394 373 1437 ΙΙ.
404 1393 787 1453 Gallograeciam.
814 1393 922 1437 Sive
958 1392 1199 1436 Galatiam
1207 1407 1224 1445 ,·
1253 1392 1427 1435 Galatae
1455 1389 1545 1449 ipsi
1575 1388 1850 1448 Gallograeci

116 1471 324 1526 Justino,
351 1486 548 1525 xxxvn,
580 1470 604 1514 3
625 1504 636 1524 ,
669 1469 802 1513 mixti
828 1470 951 1513 Galli
985 1478 1030 1512 et
1065 1468 1215 1513 Graeci
1231 1468 1530 1527 appellantur
1547 1465 1708 1521 Livio,
1732 1481 1851 1519 vnr,

120 1554 170 1602 43
202 1546 592 1604 &nmo-roodnt,
615 1546 854 1601 Diodoro,
882 1560 933 1600 V,
953 1545 1034 1600 32,
1059 1544 1176 1589 sicut
1193 1542 1437 1598 Celtiberi,
1456 1543 1697 1587 Gallorum
1714 1543 1852 1586 Celtae

118 1625 365 1670 miscentes
391 1640 565 1668 nomen
598 1623 768 1679 Iberis,
798 1632 847 1666 ut
870 1622 934 1667 ait
957 1623 1195 1677 Lucanus,
1222 1621 1304 1664 lib.
1336 1636 1425 1677 111,
1456 1629 1502 1664 et
1531 1619 1849 1679 Celtoscythae.

121 1701 292 1746 Strabo
324 1702 484 1745 Gallos
519 1700 680 1744 scribit
724 1700 1035 1744 Attalicorum
1079 1713 1242 1758 regum
1278 1706 1423 1742 terras
1457 1698 1538 1743 diu
1583 1697 1854 1757 populasse,

121 1779 311 1823 tandem
342 1778 402 1821 ab
429 1777 485 1821 iis
508 1775 773 1836 Bithyniam
793 1775 1069 1830 obtinuisse,
1097 1790 1199 1833 quae
1221 1783 1267 1818 et
1291 1772 1611 1833 Gallograecia.
1636 1774 1748 1816 Erat
1776 1789 1856 1815 au-

122 1864 213 1899 tem
230 1854 310 1898 illa
326 1854 478 1913 regio,
498 1862 545 1896 ut
563 1853 625 1897 ait
645 1854 702 1897 D.
718 1852 954 1908 Lemaire,
970 1851 1172 1912 Phrygia
1189 1849 1723 1911 septentrionalis,inter
1737 1849 1857 1892 duo-

123 1931 274 1975 decim
302 1931 510 1990 ipsorum
545 1931 797 1975 tetrarchas
829 1939 926 1974 tum
958 1930 1120 1975 divisa.

190 2009 294 2052 Cap.
321 2009 403 2051 IV.
445 2007 774 2052 Cherroneson.
807 2008 881 2051 Sic
915 2023 1002 2066 pro
1043 2006 1326 2051 Cherroneso
1353 2006 1530 2065 recepit
1558 2006 1625 2049 Cl.
1644 2006 1858 2050 Lemaire

127 2102 182 2131 ex
217 2085 545 2130 emendatione
578 2084 811 2129 Gronovii
848 2084 949 2140 avi,
983 2085 1167 2129 Graevio
1202 2084 1432 2143 probata,
1465 2083 1516 2127 id
1551 2092 1645 2138 est,
1689 2083 1738 2126 in
1773 2085 1860 2127 Pe-

126 2165 440 2223 loponnesum
481 2178 566 2221 per
611 2162 831 2206 isthmum
875 2161 1238 2205 Corinthiacum.
1289 2160 1592 2203 Cherronesos
1631 2159 1755 2202 enim
1789 2159 1863 2202 vel

132 2242 501 2294 Chersonnesos,
540 2239 711 2299 quaevis
743 2239 989 2299 peninsula
1023 2238 1215 2293 dicitur,
1248 2254 1273 2281 a
1303 2245 1435 2300 χέρῥος
1466 2237 1543 2279 vel
1581 2244 1741 2298 χέρσος,
1772 2235 1879 2278 de-·

130 2327 302 2373 sertus,
327 2327 372 2362 et
403 2331 537 2376 νῆσρς,
567 2318 730 2361 insula.
767 2319 1046 2371 Glareanus,
1081 2332 1139 2360 ex
1171 2317 1291 2359 Plut.
1326 2323 1371 2358 et
1401 2317 1533 2359 Paus.
1551 2313 1693 2371 ,legit
1724 2314 1864 2355 Pelo-

128 2410 358 2453 ponneso,
395 2403 439 2438 et
474 2393 714 2453 sequentia
746 2395 888 2438 verba
922 2393 1264 2452 comprobant3
1298 2392 1380 2435 sed
1410 2392 1506 2434 haec
1535 2399 1603 2433 est
1636 2390 1866 2448 interpre—

132 2472 270 2527 tatio,
295 2488 394 2515 non
410 2471 651 2515 correctio.
671 2473 795 2514 Vett.
815 2470 893 2514 alii
910 2471 1155 2515 Cerroneso
1171 2470 1314 2523 male,
1328 2468 1406 2511 alii
1423 2467 1552 2526 pejus
1582 2466 1863 2510 Cerronesto.

689 2621 767 2663 IN
802 2619 1084 2663 LIBRUM
1116 2618 1309 2661 XXVI.

205 2767 309 2810 CAP.
343 2766 379 2807 Ι.
417 2764 658 2823 Epiomm.
686 2763 756 2806 Ita
791 2760 1121 2820 corrigendum
1157 2758 1436 2802 existimavit
1467 2759 1524 2801 D.
1551 2756 1790 2811 Lemaire,
1815 2771 1872 2799 ex

141 2842 408 2900 conjectura
441 2840 610 2895 Fabri,
645 2855 732 2897 pro
775 2839 1021 2897 Epirorum
1040 2870 1053 2890 ,
1093 2836 1222 2895 quod
1253 2834 1331 2878 alii
1354 2850 1458 2878 mss.
1488 2834 1600 2877 libri
1635 2840 1874 2876 mutarunt

142 2919 192 2961 in
219 2920 542 2978 Epirotarum,
580 2932 720 2975 quum
755 2914 885 2973 Epiri
919 2914 1083 2957 incolae
1114 2928 1213 2956 non
1245 2912 1402 2970 Epiri,
1437 2909 1519 2954 sed
1553 2910 1764 2967 Epirotoe
1798 2908 1873 2951 di-

144 3003 318 3038 cantur.
348 3000 405 3038 At
427 3011 548 3050 non,
580 2993 643 3037 ait
676 2992 877 3052 optime,
904 2990 1203 3049 Epirotarum
1233 2988 1343 3032 urbs
1368 2995 1622 3046 occupatur
1647 2986 1707 3028 ab
1741 2985 1874 3028 Aris-

146 3070 336 3126 totimo,
367 3071 450 3114 sed
484 3072 709 3130 Epiorum
740 3070 835 3114 sive
864 3070 1122 3127 Epeorum,
1154 3066 1232 3125 qui
1263 3064 1434 3110 Graecis
1467 3072 1573 3108 sunt
1600 3059 1738 3110 ᾗπειοι
1763 3061 1875 3105 dicti

146 3148 206 3191 ab
240 3149 393 3206 Epeo,
429 3148 575 3192 Elidis
605 3163 736 3207 rege,
764 3149 984 3201 Horma,
1017 3146 1134 3197 od„
1168 3159 1293 3198 xnr,
1329 3140 1445 3197 275,
1476 3151 1520 3185 et
1544 3157 1628 3195 xv,
1660 3154 1752 3197 279
1779 3155 1788 3181 :
1814 3138 1875 3182 ita

148 3234 197 3268 ut
227 3224 343 3282 Epic·
365 3225 455 3267 hoc
483 3226 589 3268 loco
614 3225 809 3283 antiquo
833 3223 1024 3267 nomine
1055 3221 1144 3265 sint
1169 3220 1282 3263 Elii.
1316 3220 1425 3262 Haec
1448 3218 1540 3260 ille.
1566 3218 1747 3259 Revera
1765 3215 1878 3273 Epic¹

151 3303 223 3345 vel
259 3300 426 3345 rectius
462 3303 608 3359 Epei,
644 3302 797 3345 Elidis
827 3299 993 3359 populi
1025 3306 1155 3342 erant
1188 3296 1237 3339 in
1273 3294 1550 3340 occidentali
1602 3306 1683 3334 ora
1740 3287 1882 3330 Pelo-

425 3388 481 3422 11.
1617 3385 1653 3440 9
