2315 3868
399 357 458 411 94
1127 343 1361 387 JUSTINI

402 475 467 508 ne
497 452 667 526 major
693 448 836 504 filius
864 445 1182 503 Ptolemaeus
1215 446 1282 500 ab
1309 445 1574 521 Cyziceno
1605 443 1673 498 ad
1703 443 2110 518 reciperandam

402 556 694 628 AEgyptum
725 546 940 603 auxiliis
968 547 1276 622 juvaretur,
1310 545 1553 621 ingentia
1582 546 1771 618 Grypo
1801 540 2028 612 auxilia,
2059 555 2112 598 et

401 649 629 706 Selenen
665 668 924 716 uxorem,
960 657 1257 721 nupturam
1289 644 1433 698 hosti
1464 643 1659 719 prioris
1694 642 1876 696 mariti
1905 642 2106 711 mittit3

402 748 877 822 Alexandrumque
916 745 1090 800 filium
1122 764 1217 820 per
1251 742 1455 819 legatos
1493 741 1548 795 in
1579 762 1812 818 regnum
1848 752 2067 795 revocat
2097 762 2108 794 t

404 849 491 902 cui
525 868 693 923 quum
730 845 956 901 occultis
991 843 1197 898 insidiis
1229 841 1453 895 exitium
1486 840 1913 909 machinaretur,
1948 859 2110 893 occu·-

404 958 530 1021 pata
568 947 635 1000 ab
677 945 866 1000 eodem
905 941 1255 1009 interficitur,
1294 939 1654 1014 spiritumque
1690 959 1800 992 non
1841 937 1985 1007 fato,
2022 937 2114 992 sed

405 1043 697 1121 parricidio
725 1042 874 1097 dedit
905 1062 915 1095 :
944 1040 1107 1115 digna
1133 1057 1356 1113 prorsus
1382 1036 1483 1090 hac
1509 1037 1696 1089 mortis
1725 1036 1968 1104 infamia,
1995 1055 2114 1110 quae

405 1144 568 1198 etiam
597 1154 827 1196 matrem
856 1153 978 1194 toro
1007 1136 1213 1213 expulit
1233 1179 1245 1203 ,
1279 1148 1332 1190 et
1362 1135 1493 1189 duas
1522 1132 1658 1189 filias
1685 1134 1875 1188 viduas
1904 1133 2113 1188 alterno

405 1242 636 1296 fratrum
666 1239 1013 1295 matrimonio
1044 1236 1190 1302 fecit3
1223 1247 1276 1289 et
1306 1232 1417 1288 filio
1446 1231 1601 1287 alteri
1631 1234 1687 1287 in
1714 1231 1961 1287 exsilium
1989 1244 2111 1287 acto

405 1339 608 1396 bellurn
636 1337 846 1409 intulit,
876 1335 1056 1406 alteri,
1085 1346 1269 1411 erepto
1298 1353 1491 1410 regm,
1521 1333 1746 1387 exitium
1773 1351 1871 1407 per
1900 1331 2118 1386 insidias

409 1441 714 1495 machinata
742 1451 838 1494 est.

487 1542 555 1595 V.
601 1538 706 1592 Sed
733 1557 833 1591 nec
861 1534 1167 1592 Alexandro
1196 1533 1364 1588 caedes
1396 1545 1505 1587 tam
1534 1530 1768 1584 nefanda
1794 1530 1970 1584 inulta
1998 1530 2114 1584 fuit.

408 1640 553 1694 Nam
586 1637 680 1690 ubi
717 1635 955 1711 primum
999 1643 1336 1708 compertum
1371 1641 1483 1699 est,
1518 1628 1715 1684 scelere
1755 1627 1852 1682 filii
1890 1640 2117 1682 matrem

410 1735 771 1803 interfectam,
808 1753 1078 1788 concursu
1116 1728 1308 1806 populi
1344 1730 1400 1783 in
1442 1725 1691 1783 exsilium
1726 1727 1928 1803 agitur,
1961 1748 2116 1781 revo—

411 1847 640 1908 catoque
682 1831 971 1887 Ptolemaeo
1016 1850 1246 1906 regnum
1291 1826 1537 1882 redditur
1580 1847 1591 1879 :
1636 1827 1729 1900 qui
1772 1846 1947 1899 neque
1992 1846 2116 1880 cum

414 1946 581 1989 matre
610 1931 813 1987 bellum
849 1950 1033 2007 gerere
1062 1927 1344 1998 voluisset,
1375 1948 1474 1981 nec
1504 1947 1534 1980 a
1572 1926 1734 1980 fratre
1766 1926 1928 1979 armis
1962 1945 2117 2000 repe-

413 2045 550 2102 tere,
582 2031 728 2107 quod
762 2031 914 2105 prior
948 2029 1286 2105 possedisset.
1319 2029 1471 2081 Dum
1502 2025 1616 2079 haec
1651 2036 1917 2100 aguntur,
1953 2023 2119 2077 frater

415 2132 527 2206 ejus
559 2151 623 2184 ex
651 2127 840 2204 pellice
871 2138 1183 2201 sn.sceptu3‚
1215 2126 1303 2179 cui
1333 2135 1488 2199 pater
1517 2125 1854 2198 Cyrenarum
1887 2141 2119 2196 regnum

417 2239 738 2285 testamento
773 2226 1090 2301 reliquerat,
1118 2223 1315 2278 herede
1352 2220 1556 2298 populo
1583 2240 1810 2274 romano
1837 2220 2115 2289 instituto,

418 2328 640 2383 decedit.
695 2329 812 2382 Jam
872 2326 1015 2379 enim
1062 2323 1283 2377 fortuna
1333 2340 1557 2374 romana
1606 2318 1882 2393 porrigere
1948 2337 2002 2371 se
2052 2316 2120 2370 ad

418 2424 716 2482 Orientalia
738 2444 930 2500 regna,
961 2444 1071 2477 non
1098 2432 1352 2476 contenta
1379 2417 1548 2473 Italiae
1571 2417 1839 2486 terminiS‚
1866 2426 2115 2490 coeperat.

417 2529 605 2599 Itaque
629 2536 679 2578 et
704 2543 765 2577 ea
787 2542 912 2597 pars
935 2521 1117 2595 Libyae
1143 2519 1421 2594 provincia
1444 2516 1584 2570 facta
1608 2528 1687 2570 est
1710 2536 1719 2568 z
1745 2526 1930 2590 postea
1959 2516 2121 2568 Creta

422 2622 717 2696 Ciliciaque
747 2621 976 2695 piratico
1008 2617 1148 2672 bello
1180 2617 1521 2693 perdomitae,
1554 2616 1609 2668 in
1642 2614 1870 2667 formam
1900 2612 2121 2687 provin-

422 2722 515 2776 ciae
548 2719 882 2795 rediguntur.
922 2719 1048 2789 Quo
1085 2717 1255 2785 fact0‚
1288 2727 1341 2770 et
1378 2715 1542 2789 Syriae
1580 2724 1633 2767 et
1668 2711 1883 2787 AEgypti
1919 2730 2118 2784 regna,

422 2838 646 2873 romana
681 2817 958 2871 vicinitate
989 2827 1217 2883 arctata⁷
1259 2833 1376 2887 quae
1414 2814 1740 2866 incrementa
1774 2809 1839 2862 de
1877 2808 2119 2862 finitimis

423 2916 574 2971 bellis
596 2935 831 2991 quaerere
857 2913 1125 2982 solebant,
1157 2910 1408 2987 adempto
1437 2908 1665 2984 vagandi
1701 2907 1950 2975 arbitri0‚
1979 2907 2119 2961 vires

426 3036 545 3068 suas
580 3016 635 3067 in
663 3014 957 3088 perniciem
986 3023 1232 3065 mutuam
1262 3017 1644 3064 converterunt
1675 3027 1685 3059 ε
1717 3005 1850 3059 adeo
1880 3018 1964 3073 ut,
1995 3006 2122 3060 assi-

427 3113 544 3166 duis
569 3110 771 3186 proeliis
799 3110 1129 3185 consumpti,
1151 3109 1205 3161 in
1231 3118 1603 3181 contemptum
1635 3103 1994 3157 finitimorum
2020 3124 2111 3157 ve-

431 3211 627 3277 nerint3
658 3207 956 3283 praedaeque
980 3208 1221 3262 Arabum
1252 3205 1430 3280 genti,
1456 3199 1658 3256 imbelli
1687 3214 1871 3272 antea,
1894 3201 2112 3268 fuerint.

430 3307 676 3374 Quorum
726 3325 819 3358 rex
867 3305 1137 3359 Erotimus
1158 3346 1171 3371 ,
1226 3301 1419 3356 fiducia
1472 3299 1933 3374 septingentorum
1986 3298 2121 3351 filio-
