2315 3868
391 453 481 482 200
805 431 1295 475 ADNOTATIONES
1339 431 1407 473 IN
1449 431 1687 474 JUSTINI

457 530 597 575 Gravi
620 528 786 572 tributo
822 528 973 586 pacis.
1008 527 1238 572 Nimirum
1274 533 1425 586 12497
1454 526 1638 570 talentis
1670 525 1841 582 atticis,
1869 541 1969 584 quae
2001 524 2106 569 effi-

390 611 516 653 ciunt
546 606 641 649 fere
675 604 851 660 60,000
875 604 1021 647 millia
1054 603 1279 646 librarum
1309 603 1790 661 franco—gallicarum.

450 682 588 737 lovis,
613 683 649 725 Ι.
682 697 721 725 0.
755 681 885 735 Beli,
907 681 1074 723 summi
1105 680 1328 738 Syrorum
1353 678 1441 723 dei.
1473 680 1548 725 Sic
1573 679 1710 723 etiam
1734 679 1908 723 diserte
1940 680 2110 725 Strabo

386 760 436 803 in
466 760 553 802 hac
581 756 791 801 historia.

452 837 557 880 Cn.
593 835 680 878 III.
712 835 783 876 De
805 834 877 876 his
910 833 1052 876 rebus
1081 832 1189 875 vide
1222 833 1433 887 mem,
1462 849 1535 876 xL.

451 912 669 970 Namque
689 910 829 954 Galli.
856 910 998 952 Recte
1017 908 1091 951 hic
1109 908 1135 950 J
1139 907 1294 951 ensius
1319 925 1329 951 ε
1357 929 1375 948 «
1398 910 1577 969 Nempe
1604 911 1675 955 illi
1698 912 1780 970 qui
1806 926 1905 954 non
1929 910 2113 955 fuerant

386 989 435 1032 iu
466 986 768 1047 expeditione
793 984 1020 1043 delphica.
1052 985 1170 1027 Nam
1198 984 1438 1042 sexaginta
1463 985 1542 1030 illa
1577 987 1782 1045 quinque
1809 986 1982 1041 millia,
2012 1002 2112 1044 quae

388 1068 591 1123 elegerat
620 1065 831 1107 Brennus
862 1077 919 1105 ex
940 1061 1069 1104 omni
1101 1061 1328 1116 exercitu,
1358 1076 1449 1105 una
1472 1077 1576 1105 cum
1608 1064 1794 1106 Brenno
1823 1062 2070 1120 perierant.
2094 1082 2112 1100 »

386 1143 521 1185 Plura
539 1140 596 1184 de
612 1140 699 1182 hac
717 1153 766 1181 re
785 1138 988 1181 diximus
1012 1138 1058 1180 in
1079 1146 1190 1180 nota
1209 1138 1267 1181 ad
1285 1136 1429 1181 finem
1456 1138 1567 1182 libri
1584 1155 1720 1183 xxw.

456 1218 732 1262 Scordiscos,
751 1215 873 1258 Vide
890 1215 1312 1269 mesnonr.,de
1329 1215 1523 1273 Republ.
1547 1216 1850 1269 Galatarum,
1879 1230 1926 1273 p.
1949 1211 2007 1268 75
2027 1229 2115 1271 sq.‚

392 1295 451 1350 87
482 1310 612 1353 sqq.,
650 1308 737 1348 107
772 1307 874 1350 sqq.
906 1291 1147 1349 Principes
1172 1299 1381 1334 veterum
1405 1291 1496 1334 loci
1513 1300 1620 1334 sunt
1644 1291 1702 1335 de
1729 1293 1816 1334 hac
1847 1289 2040 1333 historia
2072 1299 2117 1332 et

387 1387 500 1415 auro
531 1372 759 1423 tolosano,
796 1368 981 1421 Livius,
1013 1383 1158 1421 xxlx,
1196 1366 1223 1409 8
1255 1368 1361 1410 coll.
1394 1383 1538 1422 xxm,
1576 1367 1651 1420 18,
1693 1368 1884 1424 Cicero,
1911 1368 1971 1410 de
2003 1368 2114 1411 Nat.

387 1449 509 1491 deor.
526 1480 542 1501 ,
576 1447 669 1501 ΙΙΙ,
704 1445 791 1499 303
815 1443 1014 1497 Gellius,
1038 1443 1173 1485 Nocc.
1209 1444 1302 1485 Ast.
1318 1475 1330 1496 ,
1355 1458 1444 1500 111,
1467 1459 1510 1502 9.
1545 1445 1636 1487 Res
1666 1453 1793 1502 gesta
1826 1453 1894 1487 est
1919 1446 1979 1498 Q.
2001 1444 2115 1488 Ser-

387 1524 504 1567 vilio
540 1522 758 1580 Caepione
809 1528 854 1562 et
899 1518 1047 1561 Atilio
1079 1518 1281 1560 Serrano
1315 1519 1607 1572 consulibus,
1646 1535 1685 1563 a.
1719 1520 1778 1562 U.
1822 1520 1873 1562 C.
1913 1518 2022 1571 648.
2047 1520 2116 1562 De

387 1613 564 1644 summa
591 1597 714 1651 auri,
741 1612 839 1654 quae
871 1610 983 1638 mox
1007 1593 1260 1648 indicatur,
1299 1594 1575 1652 quaestiones
1609 1594 1809 1638 instituit
1841 1594 2034 1637 Budaeus
2066 1593 2116 1636 in

386 1676 469 1721 lib.
501 1691 576 1729 lv,
608 1675 667 1717 de
698 1676 849 1725 Asse,
885 1687 929 1730 p.
975 1669 1080 1714 152.

458 1751 660 1795 Excidii.
687 1749 793 1793 Scil.
814 1763 939 1791 anno
963 1756 1071 1806 post
1100 1746 1150 1789 in
1167 1747 1391 1791 cimbrico
1424 1747 1567 1791 bello,
1588 1749 1643 1790 In
1675 1747 1975 1805 sequentibus
1993 1755 2117 1790 tem—

390 1844 504 1889 pora
529 1826 714 1870 miscuit
744 1826 953 1868 Justinus
987 1841 996 1866 :
1033 1826 1251 1867 tumultus
1275 1824 1485 1867 cimbricz‘
1503 1825 1616 1867 belli
1642 1839 1739 1866 non
1765 1833 1831 1866 est
1856 1826 2116 1875 insecutus,

389 1915 440 1950 ut
470 1905 560 1959 ait,
588 1904 670 1948 sed
692 1903 844 1945 tribus
887 1909 1145 1959 quatuorve
1178 1899 1311 1943 annis
1351 1909 1661 1959 praecesserat.
1694 1900 1915 1943 Incidunt
1947 1901 2043 1943 haec
2071 1900 2118 1941 in

393 1998 564 2026 annum
591 1979 800 2023 victoriae
836 1978 1075 2020 Marianae.

455 2061 676 2101 Istromm
705 2064 898 2114 gentem.
935 2053 1004 2097 Cf.
1053 2055 1369 2108 STRABONEM‚
1404 2070 1454 2108 ν,
1484 2069 1530 2112 p.
1574 2060 1692 2114 149,
1741 2054 1821 2113 qui
1860 2054 1919 2097 de
1966 2054 2117 2104 Pola,

394 2134 538 2177 Istriae
563 2132 704 2186 urbe,
734 2131 830 2173 haeC
861 2129 1003 2172 refert
1039 2136 1246 2192 ἰΚτίσμα
1283 2135 1388 2177 ἐστὶν
1431 2137 1593 2192 ἀρχαῖον
1628 2138 1792 2191 Κόλχων
1831 2136 1896 2177 ἐπὶ
1931 2137 2002 2181 τὴν
2028 2138 2122 2179 ΜΤ]-

393 2215 506 2259 ἃειαν
547 2215 876 2271 ἐκπεμφθέντων,
913 2214 1172 2269 ἁμαρτόντων
1209 2209 1257 2254 δὲ
1290 2219 1359 2261 τῆς
1388 2213 1566 2268 πράξεως
1603 2213 1671 2254 καὶ
1702 2214 1983 2268 καταγνόντων
2035 2214 2123 2252 ἑαυ-

391 2301 467 2335 τῶν
497 2299 628 2348 φυγῆς,
659 2287 727 2328 De
752 2283 902 2327 reditu
931 2287 1304 2342 Argonautarum
1329 2282 1436 2325 vide
1461 2283 1699 2325 HEYNIUM
1725 2282 1783 2325 ad
1802 2281 2084 2340 Apollodor.
2108 2315 2120 2335 ‚

393 2381 439 2423 p.
475 2363 532 2407 83
570 2379 635 2420 sq.

472 2442 573 2498 Quo
599 2457 629 2482 a
650 2440 775 2483 mari
802 2449 1128 2483 concesserant.
1165 2441 1200 2481 I.
1234 2454 1272 2481 e.
1303 2438 1350 2480 in
1385 2437 1623 2496 angustius
1654 2436 1855 2494 spatium
1881 2451 1978 2479 sese
2008 2450 2124 2478 con-

393 2519 607 2562 tulerant.
640 2517 835 2560 Vossius
866 2524 1160 2560 correxerat:
1190 2531 1279 2574 quo
1306 2532 1337 2557 a
1364 2515 1536 2558 Narc'co
1564 2512 1579 2574 ζ
1592 2514 1664 2557 vel
1694 2529 1724 2555 a
1758 2511 1974 2574 Naraco)
2007 2527 2121 2554 con—

398 2604 658 2647 cesseranc‚·
684 2595 764 2638 sed
797 2593 1060 2651 conjectura
1091 2608 1188 2636 non
1224 2592 1439 2651 congruit
1477 2608 1580 2635 cum
1613 2600 1821 2635 accurata
1856 2589 2126 2634 narratione

397 2671 655 2715 scholiastae
687 2670 927 2729 Apollonii
966 2669 1147 2723 Rhod.,
1190 2685 1256 2722 lv,
1289 2668 1404 2723 306,
1455 2669 1540 2711 311
1563 2702 1574 2721 ‚
1609 2667 1700 2710 315
1742 2684 1752 2710 :
1793 2669 2012 2710 Jasonem
2043 2679 2127 2721 per

399 2747 568 2790 ostium
598 2747 704 2790 Istri
741 2746 985 2800 Naricum,
1018 2745 1099 2788 sed
1138 2744 1331 2788 Colchos
1363 2761 1446 2803 pei·
1471 2746 1719 2788 Pulchrum
1751 2743 1930 2785 Ostium
1965 2741 2124 2800 (Καλὸν

401 2823 567 2886 Στόμα)
608 2823 862 2881 navigasse.

465 2901 569 2943 Cn.
612 2901 692 2943 IV.
723 2900 918 2943 Cretam.
954 2900 1138 2943 Scilicet
1169 2900 1227 2942 ad
1259 2900 1527 2958 Gortynios.
1562 2901 1629 2943 De
1659 2899 1744 2941 hac
1779 2912 1828 2939 re
1865 2895 1972 2938 vide
1997 2895 2125 2938 Con-—

405 2993 509 3020 NEL.
543 2978 805 3030 NEPOTEM,
824 2976 870 3018 in
896 2977 935 3015 V
937 2977 1000 3019 ica
1031 2977 1279 3019 Annibalis
1294 2993 1310 3028 ,ς
1342 2978 1401 3018 cle
1433 2977 1768 3034 Strategemate
1792 2972 2013 3014 adversus
2030 2971 2126 3013 Eu-

403 3068 610 3105 menem,
646 3054 965 3106 FRONTmmu,
1004 3069 1081 3106 lv,
1120 3068 1161 3108 7,
1196 3056 1218 3107 ᾗ
1264 3069 1344 3107 10;
1376 3054 1435 3096 de
1472 3055 1627 3096 Morte
1663 3049 1930 3099 Annibalis,
1965 3056 2130 3106 praeter

402 3130 657 3183 Plutarcli.,
689 3129 911 3181 Flamin„
964 3146 1000 3172 c.
1037 3127 1123 3183 353
1155 3138 1199 3173 et
1234 3133 1501 3181 APPIANUM,
1542 3128 1588 3169 in
1629 3125 1866 3183 Syriacis,-
1919 3126 2129 3175 Livnm,

403 3221 579 3258 xxmx,
614 3205 686 3248 51.
707 3205 929 3248 Earndem
961 3205 1007 3248 in
1034 3206 1186 3248 Satira
1219 3212 1308 3268 περὶ
1343 3213 1541 3267 ἐξαγωγῆς
1571 3210 1911 3244 memoraverat
1958 3201 2131 3250 Varro,

405 3280 534 3335 cujus
563 3283 659 3324 haec
696 3282 839 3325 verba
882 3282 940 3323 ab
974 3282 1128 3325 Nonio
1164 3281 1467 3340 grammatico
1508 3286 1687 3321 servata
1719 3287 1823 3321 sunt
1864 3294 1872 3318 :
1905 3297 1921 3314 «
1958 3273 2132 3329 Quaerit

407 3355 580 3398 ibidem
610 3357 668 3399 ab
706 3357 935 3400 Annibale
976 3356 1101 3417 (sine
1134 3358 1280 3401 dubio
1312 3357 1359 3399 in
1389 3352 1565 3413 Orcoj,
1603 3370 1681 3397 cur
1714 3354 1887 3397 biberit
1921 3351 2126 3394 medica-

407 3431 649 3474 mentum?
678 3434 786 3489 quia
812 3435 1064 3485 Romanis,
1093 3434 1266 3491 inquit,
1293 3448 1365 3474 me
1389 3431 1638 3473 Prusiades
1671 3431 1849 3473 tradere
1877 3427 2076 3471 volebat.
2113 3448 2129 3461 υ
