2315 3868
442 357 457 385 1
474 359 490 385 1
502 340 529 384 6
1180 339 1414 383 JUSTINI

435 466 529 498 rex
566 441 783 496 insidias
816 442 1247 498 Massiliensibus
1281 444 1457 498 struit.
1494 445 1682 514 Itaque
1718 439 1926 494 solenni
1963 437 2144 493 Flora-

436 542 632 596 liorum
670 540 755 595 die
788 540 990 595 multos
1027 542 1192 597 fortes
1226 564 1287 596 ac
1320 555 1568 596 strenuos
1600 541 1746 593 viros
1778 539 1999 613 hospitii
2025 539 2145 612 jure

437 642 491 693 in
535 639 727 693 urbem
770 641 948 709 misit3
992 640 1176 716 plures
1222 640 1408 714 sirpeis
1452 638 1712 707 latentes,
1757 636 2147 710 frondibusque

437 749 770 814 supertectos
804 739 988 793 induci
1021 737 1282 792 vehiculis
1311 738 1490 812 jubet3
1523 750 1575 791 et
1608 738 1718 811 ipse
1753 756 1877 790 cum
1910 734 2147 789 exercitu

437 838 491 890 in
523 838 781 913 proximis
815 837 1091 891 montibus
1125 834 1421 904 delitescit,
1450 847 1532 903 ut,
1569 855 1738 909 quum
1770 847 1927 889 nocte
1959 853 1990 887 a
2019 853 2151 908 prae-

438 934 593 988 dictis
624 947 820 1011 apertae
852 946 1021 1009 portae
1058 932 1265 999 forent,
1296 934 1612 1006 tempestive
1645 932 1713 985 ad
1745 932 1965 986 insidias
1999 930 2151 986 ades-

439 1045 542 1103 set,
575 1034 876 1107 urbemque
908 1052 1098 1086 somno
1133 1051 1193 1085 ac
1225 1032 1353 1084 vino
1386 1028 1653 1105 sepultam
1684 1032 1902 1084 armatis
1936 1029 2152 1084 invade-

440 1145 536 1186 ret.
581 1132 684 1186 Sed
724 1132 820 1185 has
865 1131 1085 1185 insidias
1131 1128 1330 1183 mulier
1372 1128 1650 1203 quaedam,
1699 1128 1840 1203 regis
1889 1140 2151 1203 cognata,

439 1230 709 1306 prodidit,
741 1251 859 1304 quae
889 1229 1195 1284 adulterare
1225 1250 1349 1283 curn
1378 1230 1570 1283 Graeco
1601 1225 1941 1280 adolescente
1969 1224 2155 1292 solita,

444 1331 498 1383 in
522 1330 774 1406 amplexu
791 1330 1030 1405 juveniS,
1058 1330 1310 1382 miserata
1339 1327 1523 1381 formae
1548 1328 1689 1401 ejuS,
1717 1326 1936 1380 insidias
1958 1326 2156 1401 aperit,

444 1429 854 1504 periculumque
890 1428 1164 1483 declinare
1202 1428 1371 1502 jubet.
1412 1425 1508 1480 Ille
1544 1446 1659 1478 rem
1704 1426 1885 1478 statim
1937 1423 2006 1478 ad
2046 1444 2159 1478 ma·-

445 1529 700 1603 gistratus
736 1526 928 1595 defert3
964 1539 1126 1600 atque
1162 1527 1233 1579 ita
1269 1524 1548 1600 patefactis
1583 1523 1819 1588 insidiis,
1855 1523 2038 1576 cuncti
2069 1522 2161 1576 Li-

447 1647 605 1702 gures
640 1625 1212 1701 comprehenduntur,
1248 1623 1581 1697 latentesque
1620 1621 1686 1675 de
1723 1622 1914 1697 sirpeis
1947 1633 2160 1696 protra-

446 1726 670 1780 huntur.
700 1725 915 1796 Quibus
946 1724 1198 1778 omnibus
1232 1721 1552 1791 interfectiS,
1584 1720 1863 1775 insidianti
1892 1722 2005 1795 regi
2032 1722 2161 1774 insi-

447 1824 548 1879 diae
590 1823 1024 1900 praetenduntur.
1070 1825 1218 1876 Caesa
1264 1832 1390 1875 sunt
1427 1841 1551 1875 cum
1596 1820 1712 1895 ipso
1754 1840 1880 1895 rege
1923 1820 2160 1874 hostium

451 1935 655 1999 septem
689 1921 870 1976 millia.
908 1921 1117 1976 Exinde
1149 1920 1513 1975 Massilienses
1545 1919 1690 1974 festis
1729 1920 1944 1987 diebus,
1980 1932 2163 1994 portas

452 2021 734 2090 claudere,
767 2020 973 2096 vigilias
1011 2041 1198 2096 agere,
1238 2021 1524 2074 stationem
1558 2020 1613 2072 in
1648 2019 1818 2073 muris
1850 2019 2163 2083 observare,

454 2122 768 2198 peregrinos
801 2140 1222 2196 recognoscere,
1262 2140 1419 2174 curas
1454 2120 1684 2184 habere,
1722 2139 1817 2185 ac,
1852 2116 2020 2171 veluti
2054 2116 2168 2171 bel-

453 2220 565 2274 lum
585 2220 846 2287 habeant,
871 2221 944 2274 sic
967 2220 1158 2274 urbem
1182 2220 1328 2295 pacis
1352 2218 1685 2293 temporibus
1707 2216 1995 2270 custodire.
2022 2216 2169 2271 Adeo

454 2317 563 2373 illic
592 2318 728 2374 bene
753 2320 1027 2386 instituta,
1061 2340 1171 2372 non
1201 2330 1511 2393 temporum
1538 2317 1878 2383 necessitate,
1907 2315 1998 2369 sed
2028 2328 2171 2370 recte

455 2419 687 2473 faciendi
719 2418 1111 2472 consuetudine
1148 2415 1455 2472 servantur!

533 2521 600 2571 V.
648 2520 777 2571 Post
807 2518 918 2571 liaec
946 2538 1142 2592 magna
1171 2515 1274 2570 illis
1306 2537 1427 2570 cum
1462 2516 1784 2592 Liguribus,
1822 2536 2017 2590 magna
2047 2535 2170 2568 cum

459 2615 660 2684 Gallis,
696 2615 844 2669 fuere
877 2614 1019 2669 bella
1052 2638 1062 2668 :
1102 2637 1220 2689 quae
1254 2636 1339 2670 res
1376 2628 1429 2670 et
1463 2615 1613 2669 urbis
1648 2614 1875 2690 gloriam
1910 2615 2088 2681 auxit,
2122 2625 2174 2666 et

458 2717 717 2769 virtutem
748 2718 1092 2781 Graecorum,
1124 2713 1483 2789 multiplicata
1513 2715 1762 2781 victoria,
1795 2711 2058 2766 celebrem
2091 2713 2172 2764 in-

463 2826 544 2867 ter
575 2813 834 2866 finitimos
869 2812 1121 2865 reddidit.
1153 2814 1689 2888 Carthaginiensium
1721 2831 1937 2885 quoque
1973 2810 2175 2864 exerci-

463 2924 575 2981 tus,
615 2932 783 2985 quum
812 2909 1013 2965 bellurn
1055 2912 1223 2985 captis
1259 2912 1589 2986 piscatorum
1624 2910 1852 2964 navibus
1885 2921 2064 2962 ortum
2097 2929 2176 2962 es-

465 3023 573 3079 set,
618 3031 755 3085 saepe
803 3010 1091 3079 fuderunt,
1142 3030 1438 3085 pacemque
1486 3010 1638 3063 victis
1684 3008 1949 3063 dederunt
1995 3030 2004 3061 :
2053 2994 2190 3060 cumv

464 3110 716 3183 Hispanis
753 3110 1042 3162 amicitiam
1079 3110 1415 3183 junxerunt3
1455 3129 1575 3163 cum
1609 3109 1867 3162 Romanis
1904 3128 2072 3183 prope
2107 3104 2193 3160 ab

469 3208 620 3261 initio
669 3207 899 3261 conditae
948 3209 1095 3262 urbis
1144 3208 1317 3262 foedus
1367 3227 1574 3261 summa
1619 3206 1720 3260 fide
1767 3206 2175 3265 custodierunt,

471 3306 785 3379 auxiliisque
822 3308 876 3359 in
911 3309 1161 3360 omnibus
1199 3305 1348 3359 bellis
1390 3305 1652 3358 industrie
1691 3307 1861 3359 socios
1895 3306 2171 3379 juverunt.
