2315 3868
740 334 983 377 LIBRUM
1018 334 1246 377 XXXVI.
1770 333 1859 393 139

119 454 222 482 mas·
268 447 473 482 vocatur.
516 440 606 482 Alii
640 437 930 482 mentionem
970 436 1145 479 faciunt
1183 437 1398 481 Damasci
1435 439 1694 496 cujusdam,
1725 439 1804 498 qui
1836 455 1861 481 a

119 514 301 557 Baccho
326 515 590 559 excoriatus
618 531 736 568 esse,
763 514 877 556 sicut
901 515 1110 571 Marsyas
1135 510 1195 553 ab
1223 513 1470 570 Apolline,
1492 515 1718 570 traditur,
1735 514 1860 558 unde

117 600 372 653 Δερμασκός,
421 601 465 636 et
507 601 668 650 postea
719 599 940 649 corrupte
981 597 1218 651 Δάμασκος,
1254 590 1549 644 Damascus,
1594 591 1742 635 dictus
1776 600 1858 635 est.

113 667 305 711 Athara
329 669 402 712 vel
426 668 606 712 Atlzare
630 677 752 712 certe
782 668 946 712 eadem
971 675 1038 710 est
1070 664 1156 707 dea
1174 679 1273 722 quae
1301 666 1595 727 Athargatis.
1620 669 1711 710 Pro
1728 671 1858 711 Ara—

114 743 209 788 this
227 760 339 804 ergo
363 745 615 803 legendum
632 745 829 788 Atlzaris
847 760 902 787 ve
939 743 1152 786 Athares.
1178 744 1282 787 Hoc
1311 759 1486 788 nomen
1510 743 1754 787 metathesi
1778 743 1859 786 de—

112 830 359 879 pravatum
384 830 464 865 est.
486 824 590 864 §lam
615 822 919 876 Hermolaus,
944 823 989 865 in
1024 825 1149 869 Ptin.
1170 860 1183 880 ,
1210 842 1263 878 v,
1290 821 1374 875 23,
1407 819 1640 864 dubitavit
1676 835 1734 863 an
1769 820 1858 863 hoc

112 898 245 952 loco,
290 899 563 957 permutatis
603 898 796 954 litteris,
836 899 1086 957 legendum
1120 911 1237 947 esset
1267 900 1481 950 Amara,
1516 912 1616 955 quae
1647 904 1740 950 est,
1772 895 1857 951 ait,

112 974 356 1034 Syriorum
394 975 504 1030 dea,
545 976 686 1020 etiam
725 976 1009 1035 Atlzargatis
1042 978 1165 1023 dicta
1194 978 1451 1031 Strabone,
1484 972 1578 1017 fine
1611 972 1721 1015 libri
1745 988 1856 1027 xvi,

112 1050 238 1109 cujus
271 1051 487 1095 meminit
512 1061 557 1096 et
580 1053 880 1108 Macrobius,
921 1070 935 1096 1
970 1055 1207 1102 Satumal.

174 1129 257 1171 Ex
279 1130 681 1173 nominesudoe....
706 1131 902 1173 Judoeos
918 1134 1196 1190 appellavit.
1233 1132 1342 1174 Haec
1376 1128 1512 1186 origo
1541 1125 1748 1169 nominis
1767 1127 1856 1168 Ju-

110 1204 318 1249 daeorum
346 1222 372 1248 a
403 1206 524 1250 Juda
552 1206 830 1251 inconcussa
866 1216 959 1262 est,
984 1208 1099 1251 sicut
1133 1210 1437 1252 Hebraeorum
1473 1205 1532 1247 ab
1566 1204 1746 1255 Heber,
1781 1202 1856 1261 ip-

111 1297 271 1326 sorum
295 1298 484 1340 quoque
502 1282 779 1340 patriarcha.
798 1284 825 1325 J
831 1283 950 1326 udaei
975 1285 1167 1327 tradunt
1190 1285 1366 1328 tribum
1391 1285 1415 1326 J
1421 1281 1534 1335 uda,
1558 1279 1732 1323 caeteris
1756 1288 1854 1322 tre-

107 1357 397 1416 pidantibus,
437 1357 626 1418 ejusque
677 1357 844 1401 ducem
882 1359 1180 1415 Aminadab,
1212 1360 1419 1419 primum
1459 1357 1718 1415 ingressum
1761 1370 1857 1397 esse

105 1449 233 1477 mare
263 1433 500 1489 Rubrum,
543 1450 685 1492 quum
712 1434 940 1493 fugientes
979 1436 1039 1480 ab
1072 1439 1275 1496 AEgypto
1310 1442 1578 1494 sequeretur
1616 1432 1856 1486 Pharaon;

105 1509 309 1568 ideoque
336 1510 510 1554 tribum
539 1510 661 1554 Juda
697 1510 920 1570 deinceps
953 1512 1209 1570 primatum
1243 1528 1348 1556 cum
1379 1525 1527 1568 regno
1569 1507 1854 1562 obtinuisse3

106 1595 152 1630 et
196 1587 285 1631 huc
329 1587 478 1631 alludi
523 1587 730 1640 Cautio„
765 1603 861 1642 vn,
898 1603 948 1644 2,
991 1591 1092 1643 Os„
1128 1605 1202 1644 xi,
1251 1604 1326 1644 12,
1361 1587 1443 1631 ubi
1487 1595 1643 1629 tamen
1679 1584 1853 1627 Hiero-

104 1679 268 1722 nymus
302 1664 423 1707 hanc
458 1663 763 1707 traditionem
795 1664 1001 1708 fabulam
1033 1675 1183 1709 vocat.

176 1742 471 1785 Sterilitatem
504 1756 737 1800 agrorum.
771 1743 971 1799 Magnus
1007 1742 1149 1800 igitur
1189 1740 1379 1800 AEgypti
1414 1748 1609 1802 Σίταρχος
1637 1747 1681 1782 et
1709 1737 1853 1780 aedilis

105 1817 190 1861 fuit
207 1820 233 1861 J
237 1818 453 1876 osephus.
473 1818 630 1875 Atque
646 1816 759 1860 hinc
784 1817 1012 1876 colligunt
1035 1817 1273 1872 Ruffinus,
1291 1819 1329 1860 J.
1346 1816 1569 1858 Firmicus
1583 1849 1595 1869 ,
1610 1815 1853 1868 Baronius,

105 1895 386 1953 Josephum,
412 1893 541 1952 cujus
575 1909 750 1937 nomen
780 1894 1002 1938 hebraice
1027 1903 1329 1955 augmentum
1359 1902 1519 1948 sonat,
1547 1893 1635 1935 sub
1660 1891 1854 1935 nomine

104 1971 340 2030 Serapidis
373 1988 424 2016 ac
453 1971 653 2016 Osiridis
686 1971 746 2015 ab
771 1972 1005 2031 AEgyptiis
1034 1974 1208 2016 cultum
1232 1971 1395 2025 fuisse3
1420 1970 1563 2029 idque
1587 1977 1737 2027 patet,
1754 1977 1853 2011 tum

104 2065 160 2093 ex
193 2049 386 2094 nomine
421 2050 646 2110 Serapis,
687 2049 816 2107 quod
856 2049 1030 2093 bovem
1072 2050 1221 2109 Apim
1261 2056 1416 2102 notat,
1458 2056 1554 2090 tum
1595 2061 1651 2090 ex
1687 2045 1851 2088 hiero—

103 2125 352 2185 glyphicis,
383 2126 550 2185 quibus
574 2125 850 2186 Serapidem
880 2126 1212 2185 designabant,
1238 2135 1347 2184 puta
1372 2123 1520 2183 figura
1547 2122 1733 2181 juvenis
1763 2122 1850 2165 im—

102 2203 261 2247 berbis
286 2219 388 2247 cum
415 2203 580 2247 modio
614 2212 659 2247 et
690 2204 874 2247 calatho
906 2203 956 2246 in
982 2204 1149 2262 capite.
1186 2205 1302 2258 Quae
1333 2202 1382 2245 in
1415 2201 1699 2260 Josephum,
1726 2200 1848 2257 ejus—

103 2295 192 2338 que
223 2280 368 2324 boves
398 2289 443 2324 et
467 2280 639 2339 spicas,
664 2289 709 2325 et
733 2289 911 2340 segetes
941 2289 1248 2339 congregatas
1280 2280 1329 2322 in
1364 2280 1533 2322 horrea
1557 2277 1772 2336 AEgypti,
1807 2285 1848 2320 et

103 2367 305 2414 aetatem,
331 2367 375 2402 et
400 2358 662 2418 astrologiae
687 2358 930 2417 peritiam,
956 2359 1016 2402 ad
1039 2358 1259 2402 amussim
1277 2357 1522 2416 quadrant.
1543 2355 1850 2399 Subscribunt

102 2436 316 2480 Clemens
342 2433 707 2491 Alexandrinus,
735 2436 1039 2494 Augustinus,
1063 2452 1088 2480 a
1105 2436 1310 2495 Lapide,
1343 2444 1387 2478 et
1412 2434 1693 2477 Bonfrerius‚

167 2514 392 2556 Paternoe
432 2512 655 2556 scientioe.
706 2512 891 2556 Scilicet
943 2512 1053 2556 artis
1098 2512 1303 2570 magicae.
1355 2511 1611 2566 Quomodo
1651 2511 1848 2566 Plinius,

101 2606 218 2646 xxx,
253 2606 271 2634 1
298 2606 307 2633 :
335 2591 426 2633 Est
449 2600 491 2633 et
522 2590 621 2633 alia
645 2590 841 2649 magicis
847 2589 1007 2648 factio
1024 2623 1038 2643 ,
1075 2605 1105 2632 a
1131 2591 1266 2632 Mose
1280 2622 1294 2642 ,
1325 2598 1369 2631 et
1392 2590 1562 2632 Jamne
1598 2598 1641 2630 ec
1673 2590 1848 2648 Jotape

100 2667 282 2711 Judoeis
286 2668 518 2726 pendens.
536 2668 735 2726 Moysen
760 2666 882 2710 inter
899 2666 1229 2709 celeberrimos
1248 2679 1409 2723 magos
1427 2673 1639 2708 numerat
1657 2673 1701 2707 et
1718 2667 1846 2724 Apu-

102 2744 214 2787 leius
247 2745 296 2787 in
325 2746 467 2804 Apol.
500 2743 717 2788 Socratis.
748 2744 842 2787 Sed
883 2745 1080 2799 Strabo,
1109 2745 1189 2787 lib.
1224 2760 1309 2787 xvi
1331 2778 1342 2799 ,
1377 2745 1588 2802 Moysen]
1621 2759 1720 2787 non
1753 2752 1846 2787 tam

103 2821 238 2864 fuisse
249 2836 433 2880 magum
450 2821 584 2876 dicit,
597 2837 733 2880 quam
750 2821 947 2864 oraculis
959 2821 1167 2865 deditum
1180 2856 1191 2874 ,
1211 2822 1368 2880 quales
1387 2821 1545 2863 Minos
1560 2855 1571 2875 ,
1584 2822 1821 2880 Lycurgus
1834 2855 1845 2876 ,

102 2897 273 2955 aliique
291 2899 444 2957 legum
459 2900 651 2953 latores,
669 2898 780 2941 item
798 2898 1103 2956 Amphiaraus
1118 2932 1130 2953 ,
1147 2908 1189 2942 et
1208 2898 1422 2956 Orpheus
1440 2906 1485 2940 et
1498 2899 1694 2940 Musaeus
1710 2898 1844 2942 fuisse

102 2975 330 3032 leguntur.

169 3049 379 3092 Scabiem
407 3060 450 3092 ct
476 3051 768 3111 vitiliginem.
806 3052 875 3094 Ita
902 3066 957 3094 ex
990 3067 1095 3094 mss.
1125 3050 1377 3108 legendum
1398 3084 1409 3104 ‚
1443 3058 1487 3093 et
1521 3050 1716 3104 Orosio,
1752 3067 1789 3104 1,
1814 3051 1840 3094 8

103 3135 145 3168 ct
178 3141 247 3169 10.
277 3126 394 3169 Edd.
426 3126 870 3187 antiqptwiginem
902 3128 1101 3182 habent3
1134 3128 1251 3169 Ven.
1270 3160 1281 3180 ,
1306 3126 1400 3169 Ald
1425 3135 1469 3169 et
1492 3128 1618 3168 Junt.
1641 3127 1841 3186 portigi-

104 3218 219 3245 m‘m.
266 3203 450 3261 Vitiligo
484 3204 701 3247 Arnobio
733 3213 798 3248 est
827 3205 956 3263 lepra
985 3220 994 3246 ε
1030 3204 1109 3246 ille
1149 3213 1287 3245 notas
1318 3203 1625 3246 albicantium
1652 3203 1840 3262 vitiligi-

102 3295 209 3321 num
228 3311 240 3330 ,
285 3295 426 3321 manu
477 3280 696 3332 admota,
745 3282 940 3325 detersit.
978 3282 1036 3323 Et
1079 3281 1282 3334 Seneca,
1308 3281 1469 3323 [vatur.
1517 3281 1716 3337 Gizama,
1751 3296 1837 3330 111,

104 3355 188 3412 25,
222 3355 500 3414 vitiliginem
534 3366 668 3400 vocat
707 3357 886 3408 f'oedam
923 3375 982 3402 ear
1022 3357 1131 3401 albo
1165 3357 1458 3400 varietatem.
1503 3356 1672 3400 Graecis
1706 3361 1834 3408 λεύκῃ.
