2315 3868
648 329 1141 373 PHILIPPICARUM
1174 328 1379 370 TROGI.
1795 341 1809 369 1
1826 341 1846 380 7
1864 340 1875 366 1

160 431 260 485 sibi
297 432 576 502 civitates,
613 431 879 486 alienatus
916 432 969 483 in
1003 434 1282 484 Romanos
1317 432 1565 497 animus3
1600 444 1652 485 et
1683 431 1752 484 ob
1780 429 1886 483 hoc

158 529 294 584 alter
336 531 574 585 filiorum
621 531 933 586 Demetrius
980 530 1187 584 occisus
1233 550 1243 581 :
1295 532 1664 604 concitatique
1712 531 1779 584 ab
1823 551 1885 584 eo

156 634 464 700 Bastarnae,
512 631 742 684 transire
783 630 964 684 conati
1009 631 1064 683 in
1110 627 1343 683 Italiam.
1395 628 1529 683 Inde
1572 631 1626 682 in
1668 650 1887 684 excessu

160 728 314 783 dictae
345 751 429 783 res
460 729 690 805 Illyricae
725 751 735 782 ε
774 741 835 783 ut
871 727 1051 798 Galli,
1083 730 1176 804 qui
1208 739 1543 803 occuparant
1571 726 1852 804 Illyricum
1873 771 1887 798 ,

158 849 348 882 rursus
377 829 662 883 redierunt
688 830 744 883 in
771 828 1039 898 Galliam,
1069 829 1418 904 originesque
1444 828 1886 898 Pannoniorum,

158 941 211 981 et
236 929 572 983 incrementa
597 933 902 1002 Dacorum,
929 952 1027 1006 per
1050 930 1411 986 Rubohosten
1442 950 1644 1005 regem.
1672 931 1736 982 In
1764 930 1889 983 Asia

156 1028 360 1084 bellum
397 1051 425 1085 a
461 1052 588 1107 rege
626 1034 872 1087 Eumene
907 1044 1122 1108 gestum
1154 1030 1413 1085 adversus
1448 1028 1668 1085 Gallum
1705 1030 1889 1084 Ortia-

157 1141 412 1204 gontem‚
457 1132 796 1186 Pharnacem
840 1132 1134 1186 Ponticum
1179 1141 1231 1184 et
1274 1130 1554 1201 Prusiam,
1598 1129 1891 1206 adjuvante

156 1230 406 1283 Prusiam
457 1229 765 1285 Hannibale
809 1233 994 1285 Poeno.
1043 1233 1147 1284 Res
1194 1242 1358 1304 gestae
1404 1228 1726 1283 Hannibalis
1768 1240 1894 1303 post

158 1330 363 1382 victum
388 1329 742 1383 Antiochum.
766 1332 838 1383 Et
865 1349 1018 1397 mox,
1046 1340 1268 1382 mortuo
1293 1327 1547 1397 Seleuco,
1570 1326 1683 1381 filio
1706 1328 1891 1402 magni

157 1426 438 1497 Antiochi,
470 1427 731 1481 successit
758 1447 930 1503 regno
960 1427 1130 1481 frater
1155 1427 1481 1482 Antiochus.

597 1623 941 1659 PROLOGUS
988 1623 1165 1657 LIBRI
1212 1623 1453 1657 XXXIII.

238 1764 424 1818 Tertio
447 1776 500 1817 et
523 1763 798 1817 tricesimo
821 1761 1099 1816 volumine
1122 1762 1479 1816 continentur
1499 1761 1614 1814 haec
1635 1784 1646 1815 ε
1671 1763 1747 1816 Ut
1771 1782 1893 1815 cum

160 1867 343 1931 Perse,
374 1861 614 1937 Philippi
650 1860 789 1931 filio,
827 1882 953 1937 rege
988 1861 1387 1931 Macedonum,
1426 1861 1662 1915 Romani
1694 1860 1894 1915 bellum

161 1963 426 2039 gesserint
454 1983 464 2015 ε
494 1983 603 2036 quo
629 1973 790 2036 capto
817 1959 997 2015 deleta
1022 1973 1101 2015 est
1132 1962 1347 2037 Epiros,
1377 1959 1621 2015 AEtolicae
1650 1961 1897 2014 civitates

160 2063 227 2117 ab
267 2062 478 2116 unitate
520 2061 766 2136 corporis
806 2060 1079 2130 deductae,
1116 2062 1258 2113 inter
1295 2059 1521 2115 Achaeos
1558 2071 1611 2114 et
1650 2060 1897 2115 Lacedae-

161 2163 373 2215 monios
419 2161 719 2216 certamine
766 2173 889 2215 orto
931 2182 941 2213 z
983 2159 1188 2214 bellum
1234 2180 1425 2213 rursus
1470 2160 1525 2213 in
1571 2159 1895 2214 Macedonia

166 2275 377 2338 gestum
407 2284 438 2316 a
467 2263 730 2317 Romanis
758 2282 883 2315 cum
914 2258 1431 2335 Pseudo-Philippo.

613 2461 963 2496 PROLOGUS
1009 2461 1186 2496 LIBRI
1232 2460 1390 2495 XXXI
1409 2461 1454 2493 V.

247 2604 464 2673 Quarto
496 2613 548 2655 et
579 2602 855 2655 tricesimo
884 2599 1165 2654 volumine
1200 2599 1556 2654 continentur
1586 2600 1701 2655 haec
1734 2622 1746 2655 t
1780 2600 1902 2657 Bel-

166 2703 282 2758 lum
316 2702 648 2769 Achaicum,
688 2701 835 2776 quod
874 2701 1105 2756 Romani
1154 2721 1249 2776 per
1290 2699 1576 2755 Metellum
1623 2713 1675 2755 et
1717 2704 1902 2756 Mum-

170 2805 341 2857 mium
379 2822 588 2879 gessere
626 2822 635 2854 :
674 2821 784 2875 quo
821 2801 1002 2855 diruta
1034 2813 1113 2854 est
1150 2801 1470 2857 Corinthus.
1511 2799 1725 2854 Bellum
1762 2802 1902 2877 regis

170 2902 429 2956 Eumenis
461 2922 584 2955 cuin
612 2899 1041 2969 Gallo-Graecis,
1073 2913 1125 2954 et
1155 2901 1208 2954 in
1239 2900 1444 2954 Pisidia
1473 2920 1599 2954 cum
1631 2899 1903 2976 Selgensi-

172 3002 290 3054 bus.
315 3004 444 3069 Res,
473 3021 608 3075 quas
634 3002 791 3076 gessit
819 3001 986 3075 Syriae
1012 3020 1105 3053 rex
1129 3001 1459 3070 Antiochus,
1483 3011 1535 3053 et
1562 3021 1655 3053 rex
1682 3001 1902 3076 AEgypti

172 3099 511 3154 Ptolemaeus.
545 3101 810 3174 Repetitae
845 3099 970 3153 inde
1000 3100 1238 3175 origines
1269 3121 1461 3175 regum
1491 3100 1898 3174 Cappadocum.

174 3202 277 3255 Ut,
305 3210 525 3252 mortuo
554 3198 874 3268 Ptolemaeo,
904 3198 1078 3253 relicti
1107 3201 1174 3252 ab
1206 3221 1268 3252 eo
1296 3198 1390 3253 filii
1426 3200 1536 3253 duo
1564 3198 1902 3255 Philometor

177 3311 229 3351 et
270 3301 587 3374 Evergetes,
625 3300 863 3372 primum
906 3320 1025 3353 cum
1066 3299 1339 3353 Antiocho
1382 3299 1622 3352 habuere
1666 3298 1900 3371 bellum,
