2315 3868
456 412 474 440 1
484 393 545 442 50
1014 391 1198 434 NOTAE
1233 389 1301 432 IN
1337 390 1361 432 J
1366 389 1572 432 USTINI

449 496 617 557 gessit,
649 505 746 539 tum
775 494 967 554 Tyrium
1001 493 1096 536 sive
1127 491 1432 550 Phoenicium,
1458 491 1562 550 quia
1596 505 1667 533 res
1695 490 1754 532 ab
1779 505 1833 532 eo
1865 497 2011 547 gestas
2042 489 2169 548 Tyrii

449 571 637 616 Herculi
671 586 753 615 suo
787 569 1134 628 transcripsere.

512 649 697 691 Recam.
722 648 792 691 Ita
816 646 1045 691 dederunt
1069 660 1127 688 ex
1151 646 1177 688 J
1183 652 1276 687 unt.
1296 643 1501 688 Graevius
1520 652 1564 687 et
1579 645 1636 686 D.
1656 640 1891 695 Lemaire;
1907 641 2014 684 Ald.
2030 641 2171 684 habet

448 723 654 767 Rhecan.
705 722 974 781 Antiquitas
1025 719 1241 778 impressi
1291 720 1536 772 Frudium,
1594 718 1871 770 Fraudium,
1923 716 2169 769 Franium,

447 798 706 859 Phrygium
748 799 946 852 habent,
979 795 1235 840 manifestis
1277 794 1483 853 vestigiis
1525 810 1644 838 verae
1685 793 1926 848 lectionis,
1964 809 2063 851 quae
2105 801 2172 835 est

449 876 693 929 Rkecium,
729 875 793 919 ait
825 871 1075 918 Salmasius
1106 871 1155 914 in
1189 871 1359 925 Solin.,
1393 879 1437 914 et
1467 871 1703 914 sententiae
1736 870 1872 927 hujus
1914 868 2170 913 subscribo.

448 953 672 998 Straboni
704 951 829 996 enim
860 958 904 993 et
937 947 1180 992 Eustathio
1215 945 1338 1000 ῥεκὰς
1370 953 1438 994 καὶ
1472 945 1774 1008 Ᾱμφίστρατος,
1806 953 1838 993 οἱ
1874 958 1949 993 τῶν
1993 953 2174 993 Διοσκού-

448 1052 520 1092 ρων
553 1036 725 1089 ἡνίοχοι,
759 1043 785 1070 a
820 1026 986 1084 quibus
1019 1022 1185 1083 populi
1214 1022 1290 1065 isti
1325 1021 1573 1074 Heniochi,
1611 1020 1661 1063 id
1695 1029 1762 1064 est
1797 1021 1999 1079 aurigoe,
2044 1020 2170 1064 dicti.

459 1104 573 1147 Vide
604 1105 791 1156 Sonam,
821 1117 920 1160 cap.
956 1115 1030 1145 20.
1063 1098 1261 1143 Rlzecius
1284 1106 1439 1141 autem
1466 1098 1540 1140 vel
1565 1096 1772 1149 Rhecas,
1804 1112 1979 1139 nomen
2001 1112 2027 1140 a
2049 1105 2172 1159 ῥέκρς,

447 1180 649 1234 balteus,
685 1178 943 1237 cingulum,
975 1175 1235 1229 derivatur,
1263 1174 1418 1233 itaque
1441 1188 1526 1232 per
1550 1173 1581 1215 ἢ
1612 1171 1923 1216 scribendum.
1960 1174 2052 1215 Pro
2077 1174 2174 1215 Re-

448 1273 552 1300 cam
585 1256 725 1315 igitur
759 1253 1088 1314 reponendum
1119 1252 1350 1305 Rhecam,
1383 1251 1458 1293 vel
1490 1249 1647 1309 potius
1673 1249 1921 1302 Rhecium,
1947 1264 2052 1292 cum
2076 1250 2175 1293 Sal-

447 1333 610 1377 masio.
653 1332 835 1376 Rhe-cas
873 1339 918 1374 et
958 1329 1332 1388 Amphistratus,
1376 1331 1503 1371 AMM.
1546 1329 1727 1381 MARc.,
1768 1342 1903 1381 xxn,
1950 1324 2030 1381 15,
2071 1334 2176 1369 sunt

449 1409 697 1468 Amphitus
733 1417 778 1452 et
821 1407 1033 1451 Telchius
1059 1424 1071 1447 :
1104 1405 1351 1463 Amphitus
1382 1413 1429 1447 ec
1459 1402 1672 1445 Telchines
1709 1403 1960 1461 Spartani,
2001 1402 2175 1461 inquit,

449 1485 630 1544 aurigoe
667 1483 868 1526 Castoris
899 1492 945 1523 et
971 1481 1187 1524 Pollucis.

513 1560 680 1602 Iasoni
711 1568 828 1601 totus
845 1556 1005 1614 ferme
1044 1556 1232 1607 Θήρης,
1263 1564 1312 1596 ut
1340 1556 1594 1606 conditori,
1620 1554 1795 1596 divinos
1828 1553 2025 1596 honores
2057 1563 2175 1596 tem—

448 1639 622 1702 plaque
652 1633 893 1677 constituit.
921 1630 1105 1679 ἰασόνεια
1129 1638 1264 1673 vocat
1298 1630 1495 1685 Strabo,
1529 1639 1572 1673 et
1603 1627 1787 1677 Ϊασόνεια
1822 1640 1961 1691 mam,
1993 1629 2176 1672 Barba-

449 1713 509 1755 ris
541 1710 711 1755 eximie
742 1711 888 1761 culta,
924 1707 1077 1766 qualia
1108 1706 1241 1750 multi
1271 1706 1423 1765 reguli
1447 1714 1713 1750 everterunt
1739 1721 1748 1747 ι
1780 1704 2062 1749 Parmenion
2095 1722 2177 1749 au·-

451 1797 544 1832 tem
577 1787 627 1830 id
660 1785 786 1844 quod
819 1793 915 1828 erat
946 1783 1166 1837 Abderis,
1199 1782 1354 1825 diruit.
1380 1784 1451 1826 De
1484 1783 1554 1826 his
1585 1781 1835 1841 capiendus
1866 1781 2073 1838 Tacitus,
2107 1798 2178 1837 vl,

455 1865 535 1919 34,
579 1865 728 1906 multa
768 1862 826 1904 de
863 1860 1049 1903 nomine
1088 1860 1275 1902 Iasonis
1315 1856 1511 1919 (scilicet
1549 1859 1781 1917 appellata
1822 1858 1996 1916 templa
2028 1860 2176 1902 sacel-

452 1938 613 2001 laque)
643 1938 876 1982 celebrari.
909 1938 980 1979 Ita
1014 1937 1235 1994 Bongars.
1272 1944 1316 1978 et
1345 1937 1479 1979 Bern.

529 2018 674 2076 Tigris
686 2014 869 2072 fluvius,
896 2011 1078 2055 Curtius
1097 2046 1108 2066 ,
1137 2028 1211 2066 IV,
1238 2028 1292 2071 9,
1317 2028 1344 2054 a
1367 2011 1599 2055 celeritate
1621 2009 1770 2055 fluxus
1804 2011 1869 2054 ita
1895 2010 2067 2053 dictum
2094 2012 2151 2054 ait
2167 2046 2176 2064 ,

457 2093 562 2152 quia
592 2090 776 2134 Persica
798 2089 957 2148 lingua
986 2088 1140 2148 tigrim
1167 2088 1380 2146 sagittam
1412 2088 1670 2146 appellant,
1700 2087 1781 2130 sed
1810 2086 1996 2129 fallitur.
2030 2088 2179 2146 Tigris

457 2168 581 2213 enim
623 2164 809 2220 fluvius,
855 2165 969 2208 sicut
1011 2172 1054 2207 et
1089 2164 1237 2223 tigris,
1273 2163 1368 2206 fera
1408 2163 1597 2206 maculis
1640 2163 1854 2206 distincta
1891 2177 1969 2205 seu
2008 2163 2176 2214 tincta,

457 2259 601 2304 graece
625 2251 766 2305 τίγρις,
789 2241 1019 2299 originem
1042 2240 1184 2283 habet
1208 2255 1231 2281 a
1257 2254 1405 2298 graeco
1436 2247 1566 2301 τέγγω
1582 2279 1591 2295 ‚
1615 2239 1769 2296 tingO,
1798 2238 2026 2281 humecto.
2055 2239 2179 2296 Lege

458 2321 761 2373 Strabonem,
794 2317 1019 2370 Plinium,
1050 2332 1127 2371 v1,
1164 2331 1245 2371 27,
1273 2316 1503 2369 Solinum,
1542 2330 1578 2357 c.
1610 2320 1696 2369 llo,
1721 2315 1929 2357 libellum
1950 2314 2181 2358 Plutarchi

457 2399 516 2440 de
543 2396 735 2448 Fluviis,
770 2403 815 2438 et
838 2393 1120 2446 Diodorum,
1155 2408 1265 2447 XIX,
1306 2407 1375 2446 17.
1753 2449 1758 2452 Ι

529 2471 754 2532 Sophene.
787 2470 904 2512 Asiae
928 2468 1084 2528 regio,
1114 2468 1194 2511 ubi
1222 2467 1374 2527 Tigris
1403 2467 1617 2526 emergit,
1641 2474 1887 2524 postquam
1916 2481 2009 2509 xxv
2038 2465 2181 2508 millia

459 2565 674 2609 passuum
710 2547 795 2590 sub
830 2554 974 2589 terras
1007 2545 1262 2587 immersus.
1304 2543 1524 2603 Soplzencz
1571 2552 1637 2587 est
1682 2543 1957 2596 Ptolemaeo,
1985 2557 2011 2586 a
2046 2550 2182 2604 σοφός,

459 2626 663 2684 sapiens,
693 2624 742 2667 id
777 2631 843 2665 est
872 2637 1057 2681 magus,
1093 2621 1292 2679 ideoque
1324 2622 1574 2679 Magorum
1599 2620 1723 2679 regio
1747 2617 1986 2678 significat.

526 2703 628 2744 CAP.
662 2701 743 2743 IV.
787 2700 977 2743 Orodes.
1009 2698 1282 2752 Plutarcho,
1307 2698 1353 2739 in
1380 2697 1569 2749 Crasso,
1605 2692 1978 2757 dicitU1*i'p0',8·fl;3
2013 2695 2059 2736 in
2088 2689 2182 2735 An-

462 2778 607 2830 tonio,
639 2792 675 2818 c.
705 2791 791 2834 29,
816 2773 1005 2837 ispum-[53
1034 2773 1245 2832 Appiano
1280 2770 1447 2835 Ἡρώδης
1482 2787 1666 2831 quoque
1704 2772 1751 2814 in
1777 2770 1985 2814 Parthica
2017 2778 2060 2812 et
2091 2771 2179 2828 Sy-

459 2854 582 2897 riaca
602 2851 806 2896 Historia
841 2850 1019 2894 editum
1050 2859 1128 2892 est.
1162 2853 1199 2892 A
1227 2864 1376 2907 graeco
1411 2852 1582 2911 ὀρῥώδης
1607 2849 1682 2891 vel
1721 2850 1917 2909 ἀρῥώὸης,
1947 2845 2179 2903 trepidus,

462 2929 623 2989 gallice
659 2931 700 2970 le
728 2942 964 2987 peureux3
995 2926 1118 2969 unde
1146 2935 1190 2969 et
1226 2927 1453 2977 Herodes,
1490 2925 1568 2982 qui
1600 2923 1873 2975 Pharisaeos,
1907 2923 2012 2980 quia
2040 2921 2180 2966 finem

463 3005 596 3064 regni
618 3004 687 3048 sui
711 3004 868 3047 adesse
896 3001 1228 3061 praedixerant,
1252 3002 1354 3045 neci
1378 3000 1592 3054 tradidit,
1616 3014 1893 3056 omnemque
1918 2999 2074 3041 uxoris
2091 3014 2181 3041 suae

464 3081 820 3141 cognationem,
865 3079 1031 3122 eodem
1070 3093 1195 3121 anno
1247 3094 1338 3136 quo
1381 3080 1535 3128 Jesus,
1566 3076 1640 3117 vel
1674 3076 1886 3118 Salvator
1920 3075 2181 3128 hominum,

466 3174 520 3200 ex
538 3155 731 3214 Virgine
748 3163 880 3198 natus
906 3163 985 3196 est.
1012 3153 1132 3196 Hinc
1155 3153 1274 3196 forte
1299 3153 1445 3195 dictus
1470 3160 1560 3203 est,
1586 3151 1648 3193 ob
1672 3150 1805 3206 hujus
1829 3150 1960 3208 pueri
1983 3161 2150 3193 metum
2165 3184 2179 3204 ,

466 3248 634 3290 pueros
658 3232 929 3274 innocentes
960 3229 1196 3272 occidisse.
1223 3229 1451 3280 Herodes,
1480 3227 1552 3268 vel
1576 3225 1740 3268 rectius
1778 3227 1977 3278 Orodes,
2007 3241 2180 3284 cogno-

467 3323 572 3350 men
608 3316 703 3350 erat
729 3307 904 3358 Panis,
938 3305 1016 3362 qui
1053 3319 1276 3363 pavorem
1298 3303 1524 3361 panicum
1557 3301 1835 3356 incutiebat,
1880 3303 1954 3344 vel
1987 3302 2179 3344 Joannis

467 3383 680 3440 Baptistae
716 3383 774 3424 ab
810 3381 995 3424 Herode
1029 3380 1188 3433 occisi,
1217 3379 1340 3435 cujus
1372 3393 1512 3435 agnus
1538 3386 1581 3420 ct
1606 3394 1712 3420 crux
1749 3378 1945 3435 insignia
1977 3386 2102 3431 sunt,
2137 3386 2180 3420 ct
