2248 3697
352 307 377 349 8
1094 306 1119 348 J
1124 306 1334 349 USTINI

349 410 532 464 tiocho
562 397 1178 482 facit;·'affinitatemque
1213 429 1337 462 cum
1367 408 1603 482 PyrrhO,
1639 407 1762 459 data
1797 407 1843 459 ei
1874 406 1928 459 in
1958 428 2063 460 ma-

349 508 666 560 trimonium
694 504 806 560 filia
835 527 960 578 sua,
986 507 1186 582 jungit.

427 607 496 658 II.
530 604 736 659 Exinde
754 648 767 674 ,
796 617 1020 660 externo
1054 618 1203 659 metu
1233 605 1506 680 depositO,
1532 605 1759 679 impium
1788 616 1840 658 et
1862 603 2063 657 facino·

346 723 530 756 rosum
557 704 802 757 animum
833 703 899 757 ad
925 702 1220 757 domestica
1249 702 1448 757 scelera
1484 703 1782 772 convertit,
1818 702 2061 756 insidias-

345 821 450 875 que
491 802 720 857 Arsinoe
764 803 938 856 sorori
986 823 1095 855 suae
1138 802 1389 872 instruit,
1423 802 1620 875 quibus
1664 813 1718 855 et
1762 801 1899 856 filios
1948 803 2063 877 ejus

343 896 480 968 vita,
517 912 571 953 et
611 899 783 975 ipsam
832 900 1179 956 Cassandreae
1224 899 1378 953 urbis
1429 901 1764 974 possessione
1806 902 2059 975 privaret.

344 999 557 1055 Primus
588 999 636 1053 ei
672 998 829 1052 dolus
858 998 997 1067 fuit,
1023 997 1280 1052 simulato
1313 1017 1521 1066 amore,
1551 999 1751 1050 sororis
1789 1000 2066 1052 matrimo-

345 1099 496 1151 nium
532 1110 715 1173 petere
750 1118 760 1150 ε
791 1096 948 1151 aliter
988 1098 1132 1151 enim
1168 1097 1237 1150 ad
1279 1096 1480 1150 sororis
1513 1093 1683 1166 filios,
1715 1115 1952 1170 quorum
1986 1117 2067 1150 re-

346 1218 516 1272 gnum
557 1209 953 1271 occupaverat,
997 1216 1161 1271 quam
1205 1194 1508 1250 concordiae
1539 1194 1755 1263 fraude,
1788 1195 2068 1270 pervenire

344 1315 455 1348 non
481 1307 713 1371 poterat.
743 1295 848 1350 Sed
874 1308 1004 1349 nota
1032 1294 1293 1350 scelerata
1316 1292 1593 1349 Ptolemaei
1615 1292 1869 1347 voluntas
1893 1294 2064 1346 sorori
2095 1363 2100 1368 ⁷

344 1406 477 1448 erat.
512 1398 707 1469 Itaque
747 1416 859 1449 non
903 1394 1146 1449 credenti
1189 1393 1440 1460 mandat,
1476 1417 1502 1443 (ε
1522 1391 1659 1446 velle
1699 1413 1754 1445 se
1783 1413 1907 1445 cum
1943 1391 2067 1445 filiis

348 1494 464 1568 ejus
496 1494 649 1568 regni
681 1494 1020 1548 consortium
1049 1494 1282 1568 jungere
1310 1513 1320 1545 z
1348 1512 1472 1545 cum
1496 1492 1694 1565 quibus
1727 1511 1839 1544 non
1870 1491 1991 1544 ideo
2016 1512 2070 1543 se

343 1593 506 1646 armis
553 1592 923 1661 contendisse,
971 1592 1234 1665 quoniam
1280 1591 1488 1665 eripere
1537 1591 1620 1643 his
1668 1610 1926 1664 regnum,
1975 1589 2067 1643 sed

344 1691 494 1766 quod
527 1692 581 1745 id
611 1691 790 1745 facere
820 1692 903 1745 sui
930 1691 1172 1744 muneris
1200 1687 1381 1743 vellet.
1417 1693 1480 1743 In
1511 1690 1615 1744 hoc
1655 1691 1897 1743 mitteret
1925 1690 2068 1742 arbi·

346 1804 492 1845 trum
526 1789 887 1866 jurisjurandi
925 1811 934 1843 :
976 1809 1086 1864 quo
1129 1800 1422 1864 praesente,
1465 1788 1613 1864 apud
1657 1788 1785 1841 deos
1826 1789 2065 1863 patriOS,

345 1891 544 1964 quibus
579 1889 740 1944 vellet
769 1889 1258 1958 obsecrationibUS,
1285 1908 1340 1942 se
1370 1886 1699 1962 obligaret.»
1728 1889 1942 1941 Incerta
1965 1889 2067 1941 Ar—³

346 1991 497 2045 sinoe
533 1990 665 2065 quid
706 2001 918 2065 ageret,
957 1990 999 2043 si
1031 1989 1301 2057 mitteret,
1334 1987 1507 2061 decipi
1550 1987 1826 2062 perjurio,
1866 1988 1909 2041 si
1956 2007 2066 2040 non

345 2091 584 2145 mitteret
599 2133 612 2157 ,
632 2110 933 2166 provocare
952 2090 1156 2143 rabiem
1184 2088 1436 2142 fraternae
1458 2086 1793 2141 crudelitatis
1824 2088 2064 2141 timebat.

344 2193 536 2265 Itaque
561 2189 683 2266 plus
719 2188 928 2259 liberis,
953 2209 1118 2263 quam
1150 2188 1280 2258 sibi,
1315 2189 1533 2257 timens,
1562 2208 1699 2260 quos
1718 2188 2066 2241 matrimonio

346 2311 443 2344 suo
477 2301 849 2365 protecturam
879 2309 934 2342 se
969 2287 1368 2354 arbitrabatur,
1419 2287 1586 2340 mittit
1625 2307 1685 2339 ex
1732 2287 1915 2340 amicis
1955 2288 2063 2340 suis

345 2390 613 2443 Dionem:
648 2409 757 2462 quo
788 2387 1053 2462 perducto
1084 2388 1139 2440 in
1167 2387 1566 2439 sanctissimum
1602 2387 1747 2439 Jovis
1774 2384 2065 2460 templum,

346 2488 646 2541 veterrimae
668 2485 1034 2540 Macedonum
1064 2484 1362 2560 religionis,
1395 2484 1717 2539 Ptolemaeus
1749 2486 1976 2560 sumptis
2012 2487 2066 2538 in

347 2607 538 2641 manus
588 2584 884 2655 altaribus,
929 2586 1251 2660 contingens
1297 2585 1412 2659 ipsa
1465 2584 1753 2638 simulacra
1792 2597 1844 2638 et
1886 2583 2062 2659 pulvi-

347 2687 498 2739 naria
533 2684 790 2753 deorum,
822 2684 1080 2738 inauditis
1120 2682 1433 2759 ultimisque
1468 2684 1924 2738 exsecrationibus
1969 2684 2064 2737 ad-

343 2786 518 2859 jurat,
541 2805 639 2839 «se
673 2786 881 2838 sincera
905 2784 1010 2838 fide
1040 2785 1450 2837 matrimonium
1474 2783 1673 2837 sororis
1702 2794 1911 2856 petere3
1935 2804 2067 2836 nun-

347 2897 788 2959 cupaturumque
824 2903 876 2936 se
909 2903 1026 2936 eam
1060 2883 1338 2956 reginam3
1377 2901 1552 2955 neque
1587 2882 1642 2934 in
1679 2879 2066 2934 contumeliam

349 2984 463 3057 ejus
496 3004 550 3037 se
581 2981 740 3036 aliam
780 3001 1028 3049 uxorem,
1057 2979 1258 3034 aliosve
1278 3023 1291 3050 ,
1321 3000 1484 3054 quam
1521 2978 1658 3033 filios
1689 2981 1833 3054 ejus,
1870 2978 2066 3034 liberos

350 3082 741 3135 habiturum.»
786 3081 1015 3133 Arsinoe
1058 3091 1346 3154 postquam
1391 3090 1443 3131 et
1490 3100 1582 3153 spe
1616 3078 1837 3153 impleta
1872 3092 1973 3147 est,
2016 3092 2068 3133 et

352 3192 498 3234 metu
538 3179 740 3247 soluta,
773 3180 888 3253 ipsa
922 3199 1046 3231 cum
1078 3178 1243 3231 fratre
1269 3176 1638 3251 colloquitur:
1671 3180 1826 3253 cujus
1856 3179 2064 3247 vultUS,

351 3290 402 3331 et
432 3277 772 3331 blandientes
818 3277 984 3338 oculi,
1027 3298 1194 3352 quum
1236 3277 1395 3330 fidem
1433 3299 1541 3329 non
1579 3279 1869 3345 minorem,
1903 3300 2066 3353 quani
