2248 3697
436 248 494 299 48
1185 244 1209 285 J
1214 245 1420 288 USTINI

435 371 490 403 se
523 349 825 413 censuisse,
860 344 1116 422 ultroque
1141 348 1505 402 ministerium
1540 347 1751 404 consilii
1771 351 1854 403 sui
1872 347 2159 417 obtu'lisse3

434 462 485 503 et
525 470 674 502 nunc
723 447 1084 523 praesentibus
1133 448 1318 501 amicis
1367 447 1488 502 ideo
1524 450 1814 524 repetisse,
1864 462 1926 503 ut
1965 452 2162 506 scirent

434 568 623 602 omnes
674 548 941 601 rationem
989 567 1113 600 cum
1163 548 1424 602 Romanis
1477 548 1699 623 gerendi
1746 547 1912 616 belli3
1963 571 2163 624 eosque

432 647 564 700 foris
599 647 856 716 invictos,
891 646 1038 700 domi
1073 644 1291 721 fragiles
1317 667 1447 700 esse.
1485 649 1630 702 Nam
1667 648 1818 723 prius
1851 646 1970 702 illos
2005 650 2160 720 urbe,

432 768 598 822 quam
628 748 857 822 imperio
880 768 892 815 3
916 746 1068 821 prius
1091 743 1275 815 Italia,
1298 767 1463 819 quam
1482 747 1780 821 provinciis
1797 790 1810 817 ,
1835 748 1959 801 exui
1981 769 2160 823 posse:

432 850 636 925 quippe
674 860 725 902 et
758 868 789 900 a
821 844 994 902 Gallis
1027 857 1245 919 captos,
1283 858 1336 898 et
1376 866 1404 898 a
1449 866 1503 899 se
1543 867 1716 922 prope
1754 846 1958 902 deletos
2003 869 2117 902 esse
2148 870 2162 903 2

432 969 610 1024 neque
634 968 688 1001 se
714 966 959 1021 unquam
988 946 1196 999 victum
1225 944 1378 1020 prius
1397 987 1410 1014 ,
1445 965 1610 1019 quam
1638 947 1795 1000 terris
1827 969 2017 1001 eorum
2051 969 2165 1002 ces-

432 1051 575 1103 serit.
614 1053 853 1104 Reverso
897 1045 1317 1120 Carthaginem,
1352 1045 1535 1099 statim
1568 1065 1693 1098 cum
1729 1044 1848 1100 loco
1886 1048 2161 1102 fortunam

432 1148 556 1203 belli
582 1160 910 1204 mutatam.»

510 1253 607 1306 VI.
646 1252 789 1305 Huic
838 1250 1116 1305 sententiae
1160 1250 1556 1303 obtrectatores
1605 1250 1763 1303 amici
1804 1251 1943 1325 regis
1977 1263 2165 1320 erant,

432 1372 541 1405 non
576 1349 867 1405 utilitatem
900 1351 978 1403 rei
1022 1350 1351 1424 cogitanteS,
1388 1348 1480 1402 sed
1515 1361 1763 1403 verentes
1799 1369 1889 1419 ne,
1936 1350 2167 1424 probato

430 1449 658 1505 consilio
692 1451 837 1524 ejus,
878 1450 1117 1524 primum
1155 1447 1301 1523 apud
1344 1468 1527 1522 regem
1566 1446 1751 1501 locum
1790 1449 1977 1522 gratiae
2003 1470 2166 1503 occu-

431 1563 601 1626 paret.
649 1552 718 1603 Et
753 1549 1030 1603 Antiocho
1082 1568 1195 1602 non
1239 1559 1353 1601 tam
1394 1545 1715 1615 consilium,
1766 1568 1931 1622 quam
1973 1559 2169 1602 auctor

430 1650 780 1726 displicebat,
808 1670 877 1703 ne
905 1647 1078 1725 gloria
1110 1647 1352 1701 victoriae
1382 1646 1697 1715 Annibalis,
1731 1668 1843 1700 non
1879 1668 1975 1701 sua
2010 1660 2164 1702 esset.

432 1753 635 1807 Omnia
664 1752 835 1826 igitur
867 1750 1030 1803 variis
1057 1749 1453 1803 assentantium
1483 1746 1893 1802 adulationibus
1928 1769 2171 1802 corrum-

431 1852 730 1927 pebantur3
765 1848 905 1904 nihil
943 1848 1171 1904 consilio
1206 1846 1288 1901 vel
1322 1848 1535 1901 ratione
1579 1848 1861 1923 agebatur.
1902 1851 2018 1902 Rex
2054 1849 2168 1923 ipse

430 1974 527 2029 per
556 1953 805 2027 hyemem
840 1951 897 2003 in
929 1948 1205 2003 luxuriam
1243 1946 1454 2023 lapsus,
1491 1948 1646 2001 novis
1687 1946 1931 2021 quotidie
1962 1949 2168 2023 nuptiis

430 2053 645 2108 deditus
669 2062 799 2106 erat.
822 2053 1035 2105 Contra
1055 2046 1288 2113 Acilius,
1315 2067 1575 2100 romanus
1597 2045 1817 2115 consul,
1845 2048 1940 2120 qui
1967 2047 2034 2100 ad
2060 2048 2167 2102 hoc

429 2153 633 2209 bellum
658 2152 856 2206 missus
882 2161 1023 2219 erat,
1056 2148 1270 2224 copiaS,
1303 2167 1479 2213 arma,
1504 2158 1793 2220 ceteraque
1814 2144 1958 2199 bello
1982 2166 2168 2201 neees-

430 2256 569 2310 saria
602 2273 815 2308 summa
840 2250 1108 2305 industria
1129 2248 1356 2324 parabat
1377 2268 1387 2300 :
1408 2247 1651 2299 civitates
1674 2247 1844 2299 socias
1876 2246 2162 2301 confirma-

429 2357 555 2424 bat,
583 2354 775 2408 dubias
794 2351 1053 2406 illiciebat
1078 2369 1088 2402 ε
1113 2369 1213 2401 nec
1236 2345 1374 2401 alius
1396 2347 1571 2399 exitus
1600 2344 1725 2399 belli
1751 2367 1914 2419 quam
1943 2367 2167 2422 appara-

430 2469 519 2510 tus
543 2455 833 2528 utriusque
854 2451 1024 2526 partis
1047 2448 1164 2502 fuit.
1190 2451 1383 2521 Itaque
1411 2446 1586 2521 prima
1606 2444 1731 2499 belli
1760 2446 2164 2519 congressione,

431 2577 603 2632 quum
656 2553 905 2608 cedentes
964 2569 1090 2604 suos
1140 2567 1237 2601 rex
1292 2557 1569 2613 cerneret,
1623 2566 1734 2598 non
1788 2543 2164 2598 laborantibus

433 2654 697 2710 auxilium
726 2651 879 2721 tulit,
908 2649 1000 2703 sed
1026 2647 1363 2723 fugientibus
1391 2666 1445 2698 se
1471 2645 1665 2698 ducem
1686 2644 1942 2718 praebuit,
1967 2656 2166 2697 castra-

432 2776 539 2830 que
566 2754 699 2807 ditia
733 2750 1032 2805 victoribus
1079 2745 1318 2820 reliquit.
1369 2743 1582 2798 Deinde
1631 2763 1801 2817 quum
1846 2743 1898 2794 in
1940 2743 2123 2796 Asiam
2150 2786 2163 2811 ‚

434 2855 612 2930 praeda
670 2851 932 2908 Romanis
975 2846 1278 2922 occupatis,
1330 2843 1588 2919 fugiendo
1637 2842 2003 2917 pervenisset,
2056 2862 2166 2916 poe-

432 2958 604 3010 nitere
640 2951 877 3028 neglecti
910 2947 1122 3004 consilii
1153 2946 1350 3020 eoepit3
1385 2954 1749 3015 revocatoque
1781 2942 1835 2994 in
1867 2943 2162 2996 amicitiam

433 3052 727 3121 Annibale,
763 3052 945 3105 omnia
979 3070 1044 3102 ex
1084 3045 1353 3102 sententia
1385 3044 1499 3117 ejus
1532 3062 1709 3116 agere.
1749 3042 1976 3094 Interim
2020 3063 2162 3095 nun-

431 3156 618 3224 tiatur,
649 3150 927 3208 AEmilium
946 3193 959 3215 ,
990 3166 1280 3202 romanum
1319 3143 1512 3197 (lucem
1535 3185 1548 3210 ,
1578 3163 1701 3195 cum
1729 3142 2011 3216 octoginta
2045 3161 2160 3194 ros-

431 3255 586 3308 tratis
623 3252 853 3306 navibus
887 3251 941 3302 in
974 3247 1178 3302 bellum
1221 3244 1412 3299 navale
1462 3265 1491 3297 a
1540 3254 1731 3296 senatu
1779 3242 2034 3310 missum,
2069 3241 2157 3294 ad-
