<?xml version="1.0" encoding="UTF-8"?>
<!DOCTYPE html PUBLIC "-//W3C//DTD XHTML 1.0 Transitional//EN"
    "http://www.w3.org/TR/xhtml1/DTD/xhtml1-transitional.dtd">
<html xmlns="http://www.w3.org/1999/xhtml" xml:lang="en" lang="en">
 <head>
  <title>
</title>
<meta http-equiv="Content-Type" content="text/html;charset=utf-8" />
  <meta name='ocr-system' content='tesseract 3.04.00' />
  <meta name='ocr-capabilities' content='ocr_page ocr_carea ocr_par ocr_line ocrx_word'/>
</head>
<body>
  <div class='ocr_page' id='page_1' title='image "./historiarumphili00justuoft_0112.png"; bbox 0 0 2315 3868; ppageno 0'>
   <div class='ocr_carea' id='block_1_1' title="bbox 376 309 2076 348">
    <p class='ocr_par' dir='ltr' id='par_1_1' title="bbox 376 309 2076 348">
     <span class='ocr_line' id='line_1_1' title="bbox 376 309 2076 348; baseline -0.006 -11"><span class='ocrx_word' id='word_1_1' title='bbox 376 317 751 348; x_wconf 53' lang='lat' dir='ltr'>fflssmwwm</span> <span class='ocrx_word' id='word_1_2' title='bbox 756 313 906 330; x_wconf 64' lang='lat' dir='ltr'>mtm</span> <span class='ocrx_word' id='word_1_3' title='bbox 911 312 1063 329; x_wconf 66' lang='lat' dir='ltr'>mm</span> <span class='ocrx_word' id='word_1_4' title='bbox 1068 309 1839 328; x_wconf 57' lang='lat' dir='ltr'>mmmmmwwm</span> <span class='ocrx_word' id='word_1_5' title='bbox 1844 311 2076 329; x_wconf 59' lang='lat' dir='ltr'>mmmm</span> 
     </span>
    </p>
   </div>
   <div class='ocr_carea' id='block_1_2' title="bbox 969 579 1491 647">
    <p class='ocr_par' dir='ltr' id='par_1_2' title="bbox 969 579 1491 647">
     <span class='ocr_line' id='line_1_2' title="bbox 969 579 1491 647; baseline 0 -1"><span class='ocrx_word' id='word_1_6' title='bbox 969 579 1280 647; x_wconf 86' lang='lat' dir='ltr'>LIBER</span> <span class='ocrx_word' id='word_1_7' title='bbox 1334 579 1491 646; x_wconf 76' lang='lat' dir='ltr'>XL.</span> 
     </span>
    </p>
   </div>
   <div class='ocr_carea' id='block_1_3' title="bbox 373 1064 2116 3260">
    <p class='ocr_par' dir='ltr' id='par_1_3' title="bbox 373 1064 2110 2451">
     <span class='ocr_line' id='line_1_3' title="bbox 373 1064 2094 1180; baseline -0.002 -16"><span class='ocrx_word' id='word_1_8' title='bbox 373 1113 415 1164; x_wconf 83' lang='lat' dir='ltr'>I.</span> <span class='ocrx_word' id='word_1_9' title='bbox 465 1064 746 1167; x_wconf 74' lang='lat' dir='ltr'>MUTUIS</span> <span class='ocrx_word' id='word_1_10' title='bbox 784 1108 1018 1162; x_wconf 81' lang='lat' dir='ltr'>fratrum</span> <span class='ocrx_word' id='word_1_11' title='bbox 1051 1106 1218 1170; x_wconf 83' lang='lat' dir='ltr'>odiis,</span> <span class='ocrx_word' id='word_1_12' title='bbox 1258 1119 1310 1160; x_wconf 88' lang='lat' dir='ltr'>et</span> <span class='ocrx_word' id='word_1_13' title='bbox 1348 1127 1474 1160; x_wconf 80' lang='lat' dir='ltr'>mox</span> <span class='ocrx_word' id='word_1_14' title='bbox 1509 1104 1631 1159; x_wconf 88' lang='lat' dir='ltr'>filiis</span> <span class='ocrx_word' id='word_1_15' title='bbox 1663 1106 1960 1159; x_wconf 86' lang='lat' dir='ltr'>inimicitiis</span> <span class='ocrx_word' id='word_1_16' title='bbox 1999 1126 2094 1180; x_wconf 88' lang='lat' dir='ltr'>pa-</span> 
     </span>
     <span class='ocr_line' id='line_1_4' title="bbox 374 1203 2094 1281; baseline -0.005 -16"><span class='ocrx_word' id='word_1_17' title='bbox 374 1222 592 1265; x_wconf 87' lang='lat' dir='ltr'>rentum</span> <span class='ocrx_word' id='word_1_18' title='bbox 628 1208 1040 1264; x_wconf 86' lang='lat' dir='ltr'>succedentibus</span> <span class='ocrx_word' id='word_1_19' title='bbox 1060 1250 1073 1277; x_wconf 96' lang='lat'>,</span> <span class='ocrx_word' id='word_1_20' title='bbox 1106 1227 1276 1281; x_wconf 86' lang='lat' dir='ltr'>quum</span> <span class='ocrx_word' id='word_1_21' title='bbox 1306 1204 1620 1281; x_wconf 83' lang='lat' dir='ltr'>inexpiabili</span> <span class='ocrx_word' id='word_1_22' title='bbox 1648 1203 1789 1258; x_wconf 79' lang='lat' dir='ltr'>bello</span> <span class='ocrx_word' id='word_1_23' title='bbox 1823 1217 1876 1258; x_wconf 91' lang='lat' dir='ltr'>et</span> <span class='ocrx_word' id='word_1_24' title='bbox 1909 1225 2094 1280; x_wconf 87' lang='lat' dir='ltr'>reges,</span> 
     </span>
     <span class='ocr_line' id='line_1_5' title="bbox 375 1302 2094 1385; baseline -0.003 -21"><span class='ocrx_word' id='word_1_25' title='bbox 375 1321 428 1365; x_wconf 88' lang='lat' dir='ltr'>et</span> <span class='ocrx_word' id='word_1_26' title='bbox 457 1330 689 1385; x_wconf 87' lang='lat' dir='ltr'>regnum</span> <span class='ocrx_word' id='word_1_27' title='bbox 716 1309 879 1383; x_wconf 79' lang='lat' dir='ltr'>Syriae</span> <span class='ocrx_word' id='word_1_28' title='bbox 904 1318 1290 1380; x_wconf 85' lang='lat' dir='ltr'>consumptum</span> <span class='ocrx_word' id='word_1_29' title='bbox 1322 1317 1486 1371; x_wconf 82' lang='lat' dir='ltr'>esset,</span> <span class='ocrx_word' id='word_1_30' title='bbox 1511 1304 1579 1357; x_wconf 88' lang='lat' dir='ltr'>ad</span> <span class='ocrx_word' id='word_1_31' title='bbox 1604 1317 1828 1358; x_wconf 85' lang='lat' dir='ltr'>externa</span> <span class='ocrx_word' id='word_1_32' title='bbox 1857 1302 2094 1379; x_wconf 88' lang='lat' dir='ltr'>populus</span> 
     </span>
     <span class='ocr_line' id='line_1_6' title="bbox 378 1403 2101 1480; baseline -0.005 -16"><span class='ocrx_word' id='word_1_33' title='bbox 378 1409 578 1464; x_wconf 84' lang='lat' dir='ltr'>auxilia</span> <span class='ocrx_word' id='word_1_34' title='bbox 625 1407 933 1475; x_wconf 80' lang='lat' dir='ltr'>concurrit,</span> <span class='ocrx_word' id='word_1_35' title='bbox 979 1405 1402 1480; x_wconf 79' lang='lat' dir='ltr'>peregrinosque</span> <span class='ocrx_word' id='word_1_36' title='bbox 1446 1403 1546 1457; x_wconf 88' lang='lat' dir='ltr'>sibi</span> <span class='ocrx_word' id='word_1_37' title='bbox 1587 1423 1740 1478; x_wconf 88' lang='lat' dir='ltr'>reges</span> <span class='ocrx_word' id='word_1_38' title='bbox 1781 1403 2101 1477; x_wconf 88' lang='lat' dir='ltr'>circumspi-</span> 
     </span>
     <span class='ocr_line' id='line_1_7' title="bbox 379 1500 2100 1581; baseline -0.005 -18"><span class='ocrx_word' id='word_1_39' title='bbox 379 1529 499 1563; x_wconf 85' lang='lat' dir='ltr'>cere</span> <span class='ocrx_word' id='word_1_40' title='bbox 538 1508 717 1581; x_wconf 85' lang='lat' dir='ltr'>coepit.</span> <span class='ocrx_word' id='word_1_41' title='bbox 759 1509 950 1578; x_wconf 84' lang='lat' dir='ltr'>Itaque</span> <span class='ocrx_word' id='word_1_42' title='bbox 989 1524 1158 1577; x_wconf 92' lang='lat' dir='ltr'>quum</span> <span class='ocrx_word' id='word_1_43' title='bbox 1197 1523 1322 1577; x_wconf 85' lang='lat' dir='ltr'>pars</span> <span class='ocrx_word' id='word_1_44' title='bbox 1362 1500 1740 1555; x_wconf 77' lang='lat' dir='ltr'>Mithridatem</span> <span class='ocrx_word' id='word_1_45' title='bbox 1778 1503 2100 1566; x_wconf 80' lang='lat' dir='ltr'>Ponticum,</span> 
     </span>
     <span class='ocr_line' id='line_1_8' title="bbox 380 1596 2104 1682; baseline -0.004 -21"><span class='ocrx_word' id='word_1_46' title='bbox 380 1627 505 1682; x_wconf 89' lang='lat' dir='ltr'>pars</span> <span class='ocrx_word' id='word_1_47' title='bbox 536 1603 890 1660; x_wconf 71' lang='lat' dir='ltr'>Ptolemaeum</span> <span class='ocrx_word' id='word_1_48' title='bbox 927 1603 993 1655; x_wconf 90' lang='lat' dir='ltr'>ab</span> <span class='ocrx_word' id='word_1_49' title='bbox 1027 1603 1262 1676; x_wconf 85' lang='lat' dir='ltr'>AEgypto</span> <span class='ocrx_word' id='word_1_50' title='bbox 1297 1596 1680 1654; x_wconf 71' lang='lat' dir='ltr'>arcessendum</span> <span class='ocrx_word' id='word_1_51' title='bbox 1713 1611 1978 1669; x_wconf 83' lang='lat' dir='ltr'>censeret,</span> <span class='ocrx_word' id='word_1_52' title='bbox 2015 1620 2104 1654; x_wconf 89' lang='lat' dir='ltr'>oc·-</span> 
     </span>
     <span class='ocr_line' id='line_1_9' title="bbox 381 1696 2103 1778; baseline -0.004 -19"><span class='ocrx_word' id='word_1_53' title='bbox 381 1716 761 1778; x_wconf 81' lang='lat' dir='ltr'>curreretque,</span> <span class='ocrx_word' id='word_1_54' title='bbox 794 1701 943 1776; x_wconf 92' lang='lat' dir='ltr'>quod</span> <span class='ocrx_word' id='word_1_55' title='bbox 974 1699 1323 1756; x_wconf 82' lang='lat' dir='ltr'>Mithridates</span> <span class='ocrx_word' id='word_1_56' title='bbox 1368 1697 1664 1773; x_wconf 88' lang='lat' dir='ltr'>implicitus</span> <span class='ocrx_word' id='word_1_57' title='bbox 1695 1696 1838 1753; x_wconf 88' lang='lat' dir='ltr'>bello</span> <span class='ocrx_word' id='word_1_58' title='bbox 1875 1719 2103 1753; x_wconf 87' lang='lat' dir='ltr'>romano</span> 
     </span>
     <span class='ocr_line' id='line_1_10' title="bbox 383 1797 2102 1875; baseline -0.002 -17"><span class='ocrx_word' id='word_1_59' title='bbox 383 1816 553 1871; x_wconf 85' lang='lat' dir='ltr'>esset,</span> <span class='ocrx_word' id='word_1_60' title='bbox 587 1800 910 1857; x_wconf 80' lang='lat' dir='ltr'>Ptolemaeus</span> <span class='ocrx_word' id='word_1_61' title='bbox 953 1819 1173 1875; x_wconf 90' lang='lat' dir='ltr'>quoque</span> <span class='ocrx_word' id='word_1_62' title='bbox 1215 1819 1427 1873; x_wconf 89' lang='lat' dir='ltr'>semper</span> <span class='ocrx_word' id='word_1_63' title='bbox 1465 1797 1636 1851; x_wconf 87' lang='lat' dir='ltr'>hostis</span> <span class='ocrx_word' id='word_1_64' title='bbox 1675 1797 1864 1852; x_wconf 86' lang='lat' dir='ltr'>fuisset</span> <span class='ocrx_word' id='word_1_65' title='bbox 1904 1799 2102 1874; x_wconf 74' lang='lat' dir='ltr'>Syriae,</span> 
     </span>
     <span class='ocr_line' id='line_1_11' title="bbox 386 1897 2104 1976; baseline -0.003 -20"><span class='ocrx_word' id='word_1_66' title='bbox 386 1922 573 1957; x_wconf 90' lang='lat' dir='ltr'>omnes</span> <span class='ocrx_word' id='word_1_67' title='bbox 616 1902 672 1954; x_wconf 91' lang='lat' dir='ltr'>in</span> <span class='ocrx_word' id='word_1_68' title='bbox 711 1902 1028 1976; x_wconf 85' lang='lat' dir='ltr'>Tigranem,</span> <span class='ocrx_word' id='word_1_69' title='bbox 1065 1919 1249 1975; x_wconf 90' lang='lat' dir='ltr'>regem</span> <span class='ocrx_word' id='word_1_70' title='bbox 1286 1897 1581 1966; x_wconf 80' lang='lat' dir='ltr'>Armeniae,</span> <span class='ocrx_word' id='word_1_71' title='bbox 1617 1917 1960 1968; x_wconf 86' lang='lat' dir='ltr'>consensere,</span> <span class='ocrx_word' id='word_1_72' title='bbox 1998 1899 2104 1952; x_wconf 90' lang='lat' dir='ltr'>ins-</span> 
     </span>
     <span class='ocr_line' id='line_1_12' title="bbox 386 1996 2106 2074; baseline -0.002 -19"><span class='ocrx_word' id='word_1_73' title='bbox 386 2013 653 2068; x_wconf 82' lang='lat' dir='ltr'>tructum,</span> <span class='ocrx_word' id='word_1_74' title='bbox 683 2011 878 2074; x_wconf 82' lang='lat' dir='ltr'>praeter</span> <span class='ocrx_word' id='word_1_75' title='bbox 910 1999 1231 2052; x_wconf 90' lang='lat' dir='ltr'>domesticas</span> <span class='ocrx_word' id='word_1_76' title='bbox 1264 1997 1429 2065; x_wconf 85' lang='lat' dir='ltr'>vireS,</span> <span class='ocrx_word' id='word_1_77' title='bbox 1460 2007 1513 2050; x_wconf 90' lang='lat' dir='ltr'>et</span> <span class='ocrx_word' id='word_1_78' title='bbox 1539 1996 1794 2050; x_wconf 85' lang='lat' dir='ltr'>Parthica</span> <span class='ocrx_word' id='word_1_79' title='bbox 1821 1998 2106 2067; x_wconf 86' lang='lat' dir='ltr'>societate,</span> 
     </span>
     <span class='ocr_line' id='line_1_13' title="bbox 388 2094 2106 2172; baseline -0.002 -17"><span class='ocrx_word' id='word_1_80' title='bbox 388 2113 440 2155; x_wconf 93' lang='lat' dir='ltr'>et</span> <span class='ocrx_word' id='word_1_81' title='bbox 472 2098 809 2155; x_wconf 88' lang='lat' dir='ltr'>Mithridatis</span> <span class='ocrx_word' id='word_1_82' title='bbox 835 2097 1112 2152; x_wconf 86' lang='lat' dir='ltr'>affinitate.</span> <span class='ocrx_word' id='word_1_83' title='bbox 1140 2097 1321 2172; x_wconf 85' lang='lat' dir='ltr'>Igitur</span> <span class='ocrx_word' id='word_1_84' title='bbox 1346 2095 1550 2149; x_wconf 87' lang='lat' dir='ltr'>accitus</span> <span class='ocrx_word' id='word_1_85' title='bbox 1574 2094 1629 2148; x_wconf 93' lang='lat' dir='ltr'>in</span> <span class='ocrx_word' id='word_1_86' title='bbox 1661 2116 1891 2171; x_wconf 89' lang='lat' dir='ltr'>regnum</span> <span class='ocrx_word' id='word_1_87' title='bbox 1915 2099 2106 2171; x_wconf 76' lang='lat' dir='ltr'>Syriae,</span> 
     </span>
     <span class='ocr_line' id='line_1_14' title="bbox 388 2194 2109 2275; baseline -0.002 -22"><span class='ocrx_word' id='word_1_88' title='bbox 388 2220 485 2275; x_wconf 92' lang='lat' dir='ltr'>per</span> <span class='ocrx_word' id='word_1_89' title='bbox 512 2218 652 2252; x_wconf 80' lang='lat' dir='ltr'>xvnt</span> <span class='ocrx_word' id='word_1_90' title='bbox 683 2218 853 2251; x_wconf 88' lang='lat' dir='ltr'>annos</span> <span class='ocrx_word' id='word_1_91' title='bbox 883 2194 1333 2270; x_wconf 85' lang='lat' dir='ltr'>tranquillissimo</span> <span class='ocrx_word' id='word_1_92' title='bbox 1363 2214 1532 2269; x_wconf 85' lang='lat' dir='ltr'>regno</span> <span class='ocrx_word' id='word_1_93' title='bbox 1559 2195 1767 2270; x_wconf 88' lang='lat' dir='ltr'>potitus</span> <span class='ocrx_word' id='word_1_94' title='bbox 1797 2207 1903 2264; x_wconf 88' lang='lat' dir='ltr'>est,</span> <span class='ocrx_word' id='word_1_95' title='bbox 1932 2216 2109 2270; x_wconf 90' lang='lat' dir='ltr'>neque</span> 
     </span>
     <span class='ocr_line' id='line_1_15' title="bbox 388 2293 2110 2368; baseline -0.002 -16"><span class='ocrx_word' id='word_1_96' title='bbox 388 2295 533 2352; x_wconf 91' lang='lat' dir='ltr'>bello</span> <span class='ocrx_word' id='word_1_97' title='bbox 571 2295 736 2350; x_wconf 86' lang='lat' dir='ltr'>alium</span> <span class='ocrx_word' id='word_1_98' title='bbox 775 2295 1058 2364; x_wconf 87' lang='lat' dir='ltr'>lacessere,</span> <span class='ocrx_word' id='word_1_99' title='bbox 1098 2315 1275 2368; x_wconf 88' lang='lat' dir='ltr'>neque</span> <span class='ocrx_word' id='word_1_100' title='bbox 1310 2293 1587 2348; x_wconf 88' lang='lat' dir='ltr'>lacessitus</span> <span class='ocrx_word' id='word_1_101' title='bbox 1631 2293 1830 2347; x_wconf 91' lang='lat' dir='ltr'>inferre</span> <span class='ocrx_word' id='word_1_102' title='bbox 1868 2293 1957 2348; x_wconf 85' lang='lat' dir='ltr'>alii</span> <span class='ocrx_word' id='word_1_103' title='bbox 1999 2295 2110 2349; x_wconf 86' lang='lat' dir='ltr'>bel-</span> 
     </span>
     <span class='ocr_line' id='line_1_16' title="bbox 393 2394 985 2451; baseline -0.007 0"><span class='ocrx_word' id='word_1_104' title='bbox 393 2398 504 2451; x_wconf 91' lang='lat' dir='ltr'>lum</span> <span class='ocrx_word' id='word_1_105' title='bbox 534 2404 754 2450; x_wconf 85' lang='lat' dir='ltr'>necesse</span> <span class='ocrx_word' id='word_1_106' title='bbox 777 2394 985 2448; x_wconf 87' lang='lat' dir='ltr'>habuit.</span> 
     </span>
    </p>

    <p class='ocr_par' dir='ltr' id='par_1_4' title="bbox 393 2492 2116 3260">
     <span class='ocr_line' id='line_1_17' title="bbox 471 2492 2110 2568; baseline -0.002 -18"><span class='ocrx_word' id='word_1_107' title='bbox 471 2498 542 2552; x_wconf 72' lang='lat' dir='ltr'>IL</span> <span class='ocrx_word' id='word_1_108' title='bbox 590 2494 696 2550; x_wconf 89' lang='lat' dir='ltr'>Sed</span> <span class='ocrx_word' id='word_1_109' title='bbox 744 2494 882 2548; x_wconf 90' lang='lat' dir='ltr'>sicut</span> <span class='ocrx_word' id='word_1_110' title='bbox 917 2493 984 2547; x_wconf 91' lang='lat' dir='ltr'>ab</span> <span class='ocrx_word' id='word_1_111' title='bbox 1027 2493 1273 2547; x_wconf 89' lang='lat' dir='ltr'>hostibus</span> <span class='ocrx_word' id='word_1_112' title='bbox 1313 2504 1428 2547; x_wconf 91' lang='lat' dir='ltr'>tuta</span> <span class='ocrx_word' id='word_1_113' title='bbox 1473 2493 1626 2568; x_wconf 89' lang='lat' dir='ltr'>Syria</span> <span class='ocrx_word' id='word_1_114' title='bbox 1665 2492 1801 2563; x_wconf 84' lang='lat' dir='ltr'>fuit,</span> <span class='ocrx_word' id='word_1_115' title='bbox 1840 2494 1915 2546; x_wconf 89' lang='lat' dir='ltr'>ita</span> <span class='ocrx_word' id='word_1_116' title='bbox 1955 2504 2110 2546; x_wconf 68' lang='lat' dir='ltr'>terrae</span> 
     </span>
     <span class='ocr_line' id='line_1_18' title="bbox 393 2590 2111 2668; baseline -0.002 -19"><span class='ocrx_word' id='word_1_117' title='bbox 393 2606 543 2649; x_wconf 90' lang='lat' dir='ltr'>motu</span> <span class='ocrx_word' id='word_1_118' title='bbox 579 2605 789 2648; x_wconf 83' lang='lat' dir='ltr'>vastata</span> <span class='ocrx_word' id='word_1_119' title='bbox 826 2604 931 2663; x_wconf 87' lang='lat' dir='ltr'>est,</span> <span class='ocrx_word' id='word_1_120' title='bbox 967 2613 1075 2667; x_wconf 91' lang='lat' dir='ltr'>quo</span> <span class='ocrx_word' id='word_1_121' title='bbox 1108 2605 1328 2647; x_wconf 90' lang='lat' dir='ltr'>centum</span> <span class='ocrx_word' id='word_1_122' title='bbox 1360 2593 1704 2668; x_wconf 87' lang='lat' dir='ltr'>septuaginta</span> <span class='ocrx_word' id='word_1_123' title='bbox 1736 2590 1903 2646; x_wconf 86' lang='lat' dir='ltr'>millia</span> <span class='ocrx_word' id='word_1_124' title='bbox 1935 2592 2111 2646; x_wconf 89' lang='lat' dir='ltr'>homi-</span> 
     </span>
     <span class='ocr_line' id='line_1_19' title="bbox 394 2690 2113 2767; baseline -0.001 -20"><span class='ocrx_word' id='word_1_125' title='bbox 394 2714 553 2761; x_wconf 89' lang='lat' dir='ltr'>num,</span> <span class='ocrx_word' id='word_1_126' title='bbox 588 2704 641 2746; x_wconf 89' lang='lat' dir='ltr'>et</span> <span class='ocrx_word' id='word_1_127' title='bbox 667 2690 853 2746; x_wconf 86' lang='lat' dir='ltr'>multae</span> <span class='ocrx_word' id='word_1_128' title='bbox 882 2692 1046 2746; x_wconf 88' lang='lat' dir='ltr'>urbes</span> <span class='ocrx_word' id='word_1_129' title='bbox 1072 2693 1368 2767; x_wconf 90' lang='lat' dir='ltr'>perierunt.</span> <span class='ocrx_word' id='word_1_130' title='bbox 1403 2691 1569 2762; x_wconf 88' lang='lat' dir='ltr'>Quod</span> <span class='ocrx_word' id='word_1_131' title='bbox 1596 2690 1907 2766; x_wconf 90' lang='lat' dir='ltr'>prodigium</span> <span class='ocrx_word' id='word_1_132' title='bbox 1937 2704 2113 2748; x_wconf 84' lang='lat' dir='ltr'>muta-</span> 
     </span>
     <span class='ocr_line' id='line_1_20' title="bbox 397 2790 2111 2866; baseline -0.001 -19"><span class='ocrx_word' id='word_1_133' title='bbox 397 2794 601 2847; x_wconf 84' lang='lat' dir='ltr'>tionem</span> <span class='ocrx_word' id='word_1_134' title='bbox 644 2812 825 2845; x_wconf 87' lang='lat' dir='ltr'>rerum</span> <span class='ocrx_word' id='word_1_135' title='bbox 866 2791 1192 2866; x_wconf 85' lang='lat' dir='ltr'>portendere</span> <span class='ocrx_word' id='word_1_136' title='bbox 1234 2791 1507 2866; x_wconf 90' lang='lat' dir='ltr'>aruspices</span> <span class='ocrx_word' id='word_1_137' title='bbox 1549 2790 1964 2866; x_wconf 89' lang='lat' dir='ltr'>responderunt.</span> <span class='ocrx_word' id='word_1_138' title='bbox 2000 2792 2111 2866; x_wconf 84' lang='lat' dir='ltr'>Igi-</span> 
     </span>
     <span class='ocr_line' id='line_1_21' title="bbox 397 2889 2114 2966; baseline -0.001 -21"><span class='ocrx_word' id='word_1_139' title='bbox 397 2904 486 2945; x_wconf 90' lang='lat' dir='ltr'>tur</span> <span class='ocrx_word' id='word_1_140' title='bbox 514 2893 748 2966; x_wconf 86' lang='lat' dir='ltr'>Tigrane</span> <span class='ocrx_word' id='word_1_141' title='bbox 776 2911 806 2943; x_wconf 92' lang='lat' dir='ltr'>a</span> <span class='ocrx_word' id='word_1_142' title='bbox 833 2889 1066 2944; x_wconf 90' lang='lat' dir='ltr'>Lucullo</span> <span class='ocrx_word' id='word_1_143' title='bbox 1090 2890 1260 2959; x_wconf 89' lang='lat' dir='ltr'>victo,</span> <span class='ocrx_word' id='word_1_144' title='bbox 1290 2910 1384 2943; x_wconf 85' lang='lat' dir='ltr'>rex</span> <span class='ocrx_word' id='word_1_145' title='bbox 1410 2889 1574 2965; x_wconf 85' lang='lat' dir='ltr'>Syriae</span> <span class='ocrx_word' id='word_1_146' title='bbox 1602 2889 1933 2957; x_wconf 82' lang='lat' dir='ltr'>AntiochUS‚</span> <span class='ocrx_word' id='word_1_147' title='bbox 1961 2890 2114 2964; x_wconf 90' lang='lat' dir='ltr'>Cyzi-</span> 
     </span>
     <span class='ocr_line' id='line_1_22' title="bbox 398 2986 2114 3064; baseline 0.001 -21"><span class='ocrx_word' id='word_1_148' title='bbox 398 2991 515 3043; x_wconf 87' lang='lat' dir='ltr'>ceni</span> <span class='ocrx_word' id='word_1_149' title='bbox 563 2988 736 3057; x_wconf 88' lang='lat' dir='ltr'>filius,</span> <span class='ocrx_word' id='word_1_150' title='bbox 788 2988 854 3042; x_wconf 89' lang='lat' dir='ltr'>ab</span> <span class='ocrx_word' id='word_1_151' title='bbox 909 2988 1098 3043; x_wconf 91' lang='lat' dir='ltr'>eodem</span> <span class='ocrx_word' id='word_1_152' title='bbox 1151 2987 1386 3043; x_wconf 91' lang='lat' dir='ltr'>Lucullo</span> <span class='ocrx_word' id='word_1_153' title='bbox 1438 2986 1757 3063; x_wconf 90' lang='lat' dir='ltr'>appellatur.</span> <span class='ocrx_word' id='word_1_154' title='bbox 1814 2988 1920 3042; x_wconf 89' lang='lat' dir='ltr'>Sed</span> <span class='ocrx_word' id='word_1_155' title='bbox 1966 2990 2114 3064; x_wconf 89' lang='lat' dir='ltr'>quod</span> 
     </span>
     <span class='ocr_line' id='line_1_23' title="bbox 400 3087 2114 3162; baseline 0 -20"><span class='ocrx_word' id='word_1_156' title='bbox 400 3087 662 3142; x_wconf 88' lang='lat' dir='ltr'>Lucullus</span> <span class='ocrx_word' id='word_1_157' title='bbox 687 3087 931 3156; x_wconf 83' lang='lat' dir='ltr'>dederat,</span> <span class='ocrx_word' id='word_1_158' title='bbox 959 3100 1147 3162; x_wconf 88' lang='lat' dir='ltr'>postea</span> <span class='ocrx_word' id='word_1_159' title='bbox 1172 3088 1372 3142; x_wconf 89' lang='lat' dir='ltr'>ademit</span> <span class='ocrx_word' id='word_1_160' title='bbox 1397 3087 1687 3161; x_wconf 89' lang='lat' dir='ltr'>Pompeius</span> <span class='ocrx_word' id='word_1_161' title='bbox 1713 3108 1723 3140; x_wconf 90' lang='lat'>:</span> <span class='ocrx_word' id='word_1_162' title='bbox 1753 3088 1847 3161; x_wconf 90' lang='lat' dir='ltr'>qui</span> <span class='ocrx_word' id='word_1_163' title='bbox 1870 3089 2114 3162; x_wconf 88' lang='lat' dir='ltr'>poscenti</span> 
     </span>
     <span class='ocr_line' id='line_1_24' title="bbox 404 3183 2116 3260; baseline 0.001 -22"><span class='ocrx_word' id='word_1_164' title='bbox 404 3206 629 3260; x_wconf 85' lang='lat' dir='ltr'>regnum</span> <span class='ocrx_word' id='word_1_165' title='bbox 672 3185 985 3259; x_wconf 86' lang='lat' dir='ltr'>respondit,</span> <span class='ocrx_word' id='word_1_166' title='bbox 1020 3210 1045 3236; x_wconf 74' lang='grc' dir='ltr'>ε(</span> <span class='ocrx_word' id='word_1_167' title='bbox 1063 3207 1130 3239; x_wconf 92' lang='lat' dir='ltr'>ne</span> <span class='ocrx_word' id='word_1_168' title='bbox 1174 3184 1376 3240; x_wconf 85' lang='lat' dir='ltr'>volenti</span> <span class='ocrx_word' id='word_1_169' title='bbox 1414 3183 1634 3259; x_wconf 89' lang='lat' dir='ltr'>quidem</span> <span class='ocrx_word' id='word_1_170' title='bbox 1675 3185 1874 3259; x_wconf 78' lang='lat' dir='ltr'>Syriae,</span> <span class='ocrx_word' id='word_1_171' title='bbox 1911 3186 2116 3240; x_wconf 89' lang='lat' dir='ltr'>nedum</span> 
     </span>
    </p>
   </div>
   <div class='ocr_carea' id='block_1_4' title="bbox 403 3285 2116 3361">
    <p class='ocr_par' dir='ltr' id='par_1_5' title="bbox 403 3285 2116 3361">
     <span class='ocr_line' id='line_1_25' title="bbox 403 3285 2116 3361; baseline 0.001 -24"><span class='ocrx_word' id='word_1_172' title='bbox 403 3287 672 3339; x_wconf 83' lang='lat' dir='ltr'>recusanti</span> <span class='ocrx_word' id='word_1_173' title='bbox 714 3285 970 3338; x_wconf 84' lang='lat' dir='ltr'>daturum</span> <span class='ocrx_word' id='word_1_174' title='bbox 1011 3307 1063 3340; x_wconf 91' lang='lat' dir='ltr'>se</span> <span class='ocrx_word' id='word_1_175' title='bbox 1100 3307 1314 3361; x_wconf 84' lang='lat' dir='ltr'>regem,</span> <span class='ocrx_word' id='word_1_176' title='bbox 1355 3285 1447 3358; x_wconf 90' lang='lat' dir='ltr'>qui</span> <span class='ocrx_word' id='word_1_177' title='bbox 1490 3305 1628 3339; x_wconf 84' lang='lat' dir='ltr'>xvm</span> <span class='ocrx_word' id='word_1_178' title='bbox 1672 3305 1873 3356; x_wconf 81' lang='lat' dir='ltr'>annOS,</span> <span class='ocrx_word' id='word_1_179' title='bbox 1919 3285 2116 3359; x_wconf 87' lang='lat' dir='ltr'>quibus</span> 
     </span>
    </p>
   </div>
  </div>
 </body>
</html>
