<?xml version="1.0" encoding="UTF-8"?>
<!DOCTYPE html PUBLIC "-//W3C//DTD XHTML 1.0 Transitional//EN"
    "http://www.w3.org/TR/xhtml1/DTD/xhtml1-transitional.dtd">
<html xmlns="http://www.w3.org/1999/xhtml" xml:lang="en" lang="en">
 <head>
  <title>
</title>
<meta http-equiv="Content-Type" content="text/html;charset=utf-8" />
  <meta name='ocr-system' content='tesseract 3.04.00' />
  <meta name='ocr-capabilities' content='ocr_page ocr_carea ocr_par ocr_line ocrx_word'/>
</head>
<body>
  <div class='ocr_page' id='page_1' title='image "./historiarumphili00justuoft_0051.png"; bbox 0 0 2248 3697; ppageno 0'>
   <div class='ocr_carea' id='block_1_1' title="bbox 419 206 1812 255">
    <p class='ocr_par' dir='ltr' id='par_1_1' title="bbox 419 206 1812 255">
     <span class='ocr_line' id='line_1_1' title="bbox 419 206 1812 255; baseline -0.006 0"><span class='ocrx_word' id='word_1_1' title='bbox 419 211 655 255; x_wconf 86' lang='lat' dir='ltr'>JUSTINI</span> <span class='ocrx_word' id='word_1_2' title='bbox 693 209 1134 252; x_wconf 70' lang='lat' dir='ltr'><strong>HISTORIARL‘M</strong></span> <span class='ocrx_word' id='word_1_3' title='bbox 1173 209 1287 251; x_wconf 89' lang='lat' dir='ltr'><strong>LIB.</strong></span> <span class='ocrx_word' id='word_1_4' title='bbox 1320 208 1494 251; x_wconf 69' lang='lat' dir='ltr'>XXIX.</span> <span class='ocrx_word' id='word_1_5' title='bbox 1757 206 1812 247; x_wconf 67' lang='lat'>33</span> 
     </span>
    </p>
   </div>
   <div class='ocr_carea' id='block_1_2' title="bbox 92 307 1830 3161">
    <p class='ocr_par' dir='ltr' id='par_1_2' title="bbox 98 307 1809 384">
     <span class='ocr_line' id='line_1_2' title="bbox 98 307 1809 384; baseline -0.005 -17"><span class='ocrx_word' id='word_1_6' title='bbox 98 315 423 384; x_wconf 78' lang='lat' dir='ltr'><strong>defendisse,</strong></span> <span class='ocrx_word' id='word_1_7' title='bbox 461 313 605 368; x_wconf 84' lang='lat' dir='ltr'>ultro</span> <span class='ocrx_word' id='word_1_8' title='bbox 637 313 798 365; x_wconf 85' lang='lat' dir='ltr'>etiam</span> <span class='ocrx_word' id='word_1_9' title='bbox 831 309 1023 364; x_wconf 84' lang='lat' dir='ltr'>AEtolis</span> <span class='ocrx_word' id='word_1_10' title='bbox 1059 309 1261 363; x_wconf 89' lang='lat' dir='ltr'>bellum</span> <span class='ocrx_word' id='word_1_11' title='bbox 1303 311 1501 365; x_wconf 81' lang='lat' dir='ltr'>inferre</span> <span class='ocrx_word' id='word_1_12' title='bbox 1531 307 1809 384; x_wconf 80' lang='lat' dir='ltr'><strong>gestiebat.</strong></span> 
     </span>
    </p>

    <p class='ocr_par' dir='ltr' id='par_1_3' title="bbox 92 407 1830 3161">
     <span class='ocr_line' id='line_1_3' title="bbox 179 407 1814 488; baseline -0.006 -19"><span class='ocrx_word' id='word_1_13' title='bbox 179 418 249 470; x_wconf 93' lang='grc' dir='ltr'>ΙΙ.</span> <span class='ocrx_word' id='word_1_14' title='bbox 281 415 420 484; x_wconf 82' lang='lat' dir='ltr'>Quae</span> <span class='ocrx_word' id='word_1_15' title='bbox 455 414 753 488; x_wconf 83' lang='lat' dir='ltr'>agitantem</span> <span class='ocrx_word' id='word_1_16' title='bbox 785 408 939 463; x_wconf 90' lang='lat' dir='ltr'>illum</span> <span class='ocrx_word' id='word_1_17' title='bbox 970 409 1314 476; x_wconf 79' lang='lat' dir='ltr'>DemetriUS,</span> <span class='ocrx_word' id='word_1_18' title='bbox 1345 430 1439 461; x_wconf 81' lang='lat' dir='ltr'>rex</span> <span class='ocrx_word' id='word_1_19' title='bbox 1469 407 1814 484; x_wconf 88' lang='lat' dir='ltr'>Illyriorum,</span> 
     </span>
     <span class='ocr_line' id='line_1_4' title="bbox 99 506 1816 588; baseline -0.005 -20"><span class='ocrx_word' id='word_1_20' title='bbox 99 535 273 588; x_wconf 87' lang='lat' dir='ltr'>nuper</span> <span class='ocrx_word' id='word_1_21' title='bbox 316 534 346 566; x_wconf 89' lang='lat' dir='ltr'>a</span> <span class='ocrx_word' id='word_1_22' title='bbox 389 510 587 577; x_wconf 84' lang='lat' dir='ltr'>PaulO,</span> <span class='ocrx_word' id='word_1_23' title='bbox 635 530 863 564; x_wconf 84' lang='lat' dir='ltr'>romano</span> <span class='ocrx_word' id='word_1_24' title='bbox 913 506 1164 575; x_wconf 89' lang='lat' dir='ltr'>consule,</span> <span class='ocrx_word' id='word_1_25' title='bbox 1217 506 1428 575; x_wconf 89' lang='lat' dir='ltr'>victus,</span> <span class='ocrx_word' id='word_1_26' title='bbox 1477 506 1816 582; x_wconf 84' lang='lat' dir='ltr'>supplicibus</span> 
     </span>
     <span class='ocr_line' id='line_1_5' title="bbox 98 609 1818 687; baseline -0.003 -21"><span class='ocrx_word' id='word_1_27' title='bbox 98 612 348 687; x_wconf 89' lang='lat' dir='ltr'>precibus</span> <span class='ocrx_word' id='word_1_28' title='bbox 401 609 751 686; x_wconf 79' lang='lat' dir='ltr'>aggreditur,</span> <span class='ocrx_word' id='word_1_29' title='bbox 810 609 1064 684; x_wconf 84' lang='lat' dir='ltr'>injuriam</span> <span class='ocrx_word' id='word_1_30' title='bbox 1114 610 1494 661; x_wconf 89' lang='lat' dir='ltr'>Romanorum</span> <span class='ocrx_word' id='word_1_31' title='bbox 1550 628 1782 680; x_wconf 87' lang='lat' dir='ltr'>querens</span> <span class='ocrx_word' id='word_1_32' title='bbox 1805 650 1818 673; x_wconf 87' lang='lat'>,</span> 
     </span>
     <span class='ocr_line' id='line_1_6' title="bbox 97 706 1820 786; baseline 0 -26"><span class='ocrx_word' id='word_1_33' title='bbox 97 712 264 786; x_wconf 86' lang='lat' dir='ltr'>«qui,</span> <span class='ocrx_word' id='word_1_34' title='bbox 297 732 408 764; x_wconf 91' lang='lat' dir='ltr'>non</span> <span class='ocrx_word' id='word_1_35' title='bbox 442 711 684 764; x_wconf 86' lang='lat' dir='ltr'>contenti</span> <span class='ocrx_word' id='word_1_36' title='bbox 730 708 898 763; x_wconf 82' lang='lat' dir='ltr'>Italiae</span> <span class='ocrx_word' id='word_1_37' title='bbox 943 708 1216 777; x_wconf 82' lang='lat' dir='ltr'>terminiS,</span> <span class='ocrx_word' id='word_1_38' title='bbox 1251 706 1545 781; x_wconf 88' lang='lat' dir='ltr'>imperium</span> <span class='ocrx_word' id='word_1_39' title='bbox 1595 727 1686 781; x_wconf 89' lang='lat' dir='ltr'>spe</span> <span class='ocrx_word' id='word_1_40' title='bbox 1718 709 1820 761; x_wconf 91' lang='lat' dir='ltr'>im-</span> 
     </span>
     <span class='ocr_line' id='line_1_7' title="bbox 94 805 1824 884; baseline -0.003 -20"><span class='ocrx_word' id='word_1_41' title='bbox 94 810 267 884; x_wconf 85' lang='lat' dir='ltr'>proba</span> <span class='ocrx_word' id='word_1_42' title='bbox 298 811 465 863; x_wconf 87' lang='lat' dir='ltr'>totius</span> <span class='ocrx_word' id='word_1_43' title='bbox 498 809 645 863; x_wconf 88' lang='lat' dir='ltr'>orbis</span> <span class='ocrx_word' id='word_1_44' title='bbox 686 807 954 884; x_wconf 77' lang='lat' dir='ltr'>amplexi,</span> <span class='ocrx_word' id='word_1_45' title='bbox 992 806 1195 862; x_wconf 89' lang='lat' dir='ltr'>bellum</span> <span class='ocrx_word' id='word_1_46' title='bbox 1230 827 1357 860; x_wconf 88' lang='lat' dir='ltr'>cum</span> <span class='ocrx_word' id='word_1_47' title='bbox 1400 805 1655 859; x_wconf 87' lang='lat' dir='ltr'>omnibus</span> <span class='ocrx_word' id='word_1_48' title='bbox 1688 807 1824 880; x_wconf 82' lang='lat' dir='ltr'>regi-</span> 
     </span>
     <span class='ocr_line' id='line_1_8' title="bbox 96 904 1822 985; baseline -0.002 -24"><span class='ocrx_word' id='word_1_49' title='bbox 96 909 198 962; x_wconf 89' lang='lat' dir='ltr'>bus</span> <span class='ocrx_word' id='word_1_50' title='bbox 230 921 438 985; x_wconf 83' lang='lat' dir='ltr'>gerant.</span> <span class='ocrx_word' id='word_1_51' title='bbox 476 908 565 962; x_wconf 91' lang='lat' dir='ltr'>Sic</span> <span class='ocrx_word' id='word_1_52' title='bbox 598 906 717 962; x_wconf 83' lang='lat' dir='ltr'>illos</span> <span class='ocrx_word' id='word_1_53' title='bbox 749 906 971 977; x_wconf 74' lang='lat' dir='ltr'>Siciliae,</span> <span class='ocrx_word' id='word_1_54' title='bbox 1006 908 1081 961; x_wconf 87' lang='lat' dir='ltr'>sic</span> <span class='ocrx_word' id='word_1_55' title='bbox 1110 906 1373 961; x_wconf 71' lang='lat' dir='ltr'>Sardiniae</span> <span class='ocrx_word' id='word_1_56' title='bbox 1409 904 1822 980; x_wconf 85' lang='lat' dir='ltr'>Hispaniaeque,</span> 
     </span>
     <span class='ocr_line' id='line_1_9' title="bbox 99 1002 1821 1083; baseline -0.004 -22"><span class='ocrx_word' id='word_1_57' title='bbox 99 1009 173 1061; x_wconf 88' lang='lat' dir='ltr'>sic</span> <span class='ocrx_word' id='word_1_58' title='bbox 208 1007 442 1083; x_wconf 91' lang='lat' dir='ltr'>denique</span> <span class='ocrx_word' id='word_1_59' title='bbox 477 1008 643 1061; x_wconf 86' lang='lat' dir='ltr'>totius</span> <span class='ocrx_word' id='word_1_60' title='bbox 680 1007 877 1063; x_wconf 82' lang='lat' dir='ltr'>Africae</span> <span class='ocrx_word' id='word_1_61' title='bbox 909 1007 1199 1082; x_wconf 88' lang='lat' dir='ltr'>imperium</span> <span class='ocrx_word' id='word_1_62' title='bbox 1234 1005 1552 1060; x_wconf 82' lang='lat' dir='ltr'>affectantes</span> <span class='ocrx_word' id='word_1_63' title='bbox 1575 1048 1588 1071; x_wconf 92' lang='lat'>,</span> <span class='ocrx_word' id='word_1_64' title='bbox 1620 1002 1821 1057; x_wconf 82' lang='lat' dir='ltr'>bellum</span> 
     </span>
     <span class='ocr_line' id='line_1_10' title="bbox 96 1106 1823 1181; baseline -0.001 -21"><span class='ocrx_word' id='word_1_65' title='bbox 96 1128 221 1162; x_wconf 76' lang='lat' dir='ltr'>cum</span> <span class='ocrx_word' id='word_1_66' title='bbox 272 1108 450 1162; x_wconf 86' lang='lat' dir='ltr'>Poenis</span> <span class='ocrx_word' id='word_1_67' title='bbox 500 1120 552 1161; x_wconf 88' lang='lat' dir='ltr'>et</span> <span class='ocrx_word' id='word_1_68' title='bbox 592 1106 860 1162; x_wconf 84' lang='lat' dir='ltr'>Annibale</span> <span class='ocrx_word' id='word_1_69' title='bbox 901 1107 1200 1181; x_wconf 80' lang='lat' dir='ltr'>suscepisse</span> <span class='ocrx_word' id='word_1_70' title='bbox 1238 1127 1249 1159; x_wconf 77' lang='lat' dir='ltr'>t</span> <span class='ocrx_word' id='word_1_71' title='bbox 1294 1107 1393 1160; x_wconf 90' lang='lat' dir='ltr'>sibi</span> <span class='ocrx_word' id='word_1_72' title='bbox 1441 1126 1660 1180; x_wconf 86' lang='lat' dir='ltr'>quoque</span> <span class='ocrx_word' id='word_1_73' title='bbox 1716 1126 1823 1158; x_wconf 87' lang='lat' dir='ltr'>non</span> 
     </span>
     <span class='ocr_line' id='line_1_11' title="bbox 98 1203 1823 1280; baseline -0.002 -19"><span class='ocrx_word' id='word_1_74' title='bbox 98 1206 258 1261; x_wconf 89' lang='lat' dir='ltr'>aliam</span> <span class='ocrx_word' id='word_1_75' title='bbox 278 1208 347 1261; x_wconf 94' lang='lat' dir='ltr'>ob</span> <span class='ocrx_word' id='word_1_76' title='bbox 372 1224 621 1274; x_wconf 87' lang='lat' dir='ltr'>causam,</span> <span class='ocrx_word' id='word_1_77' title='bbox 639 1225 806 1280; x_wconf 91' lang='lat' dir='ltr'>quam</span> <span class='ocrx_word' id='word_1_78' title='bbox 837 1205 986 1279; x_wconf 89' lang='lat' dir='ltr'>quod</span> <span class='ocrx_word' id='word_1_79' title='bbox 1014 1203 1187 1260; x_wconf 83' lang='lat' dir='ltr'>Italiae</span> <span class='ocrx_word' id='word_1_80' title='bbox 1211 1206 1476 1260; x_wconf 86' lang='lat' dir='ltr'>finitimus</span> <span class='ocrx_word' id='word_1_81' title='bbox 1506 1204 1823 1266; x_wconf 72' lang='lat' dir='ltr'>videbatur,</span> 
     </span>
     <span class='ocr_line' id='line_1_12' title="bbox 96 1304 1828 1381; baseline -0.001 -22"><span class='ocrx_word' id='word_1_82' title='bbox 96 1305 299 1360; x_wconf 88' lang='lat' dir='ltr'>bellum</span> <span class='ocrx_word' id='word_1_83' title='bbox 334 1304 581 1359; x_wconf 90' lang='lat' dir='ltr'>illatum:</span> <span class='ocrx_word' id='word_1_84' title='bbox 618 1306 773 1380; x_wconf 86' lang='lat' dir='ltr'>quasi</span> <span class='ocrx_word' id='word_1_85' title='bbox 806 1305 956 1360; x_wconf 89' lang='lat' dir='ltr'>nefas</span> <span class='ocrx_word' id='word_1_86' title='bbox 991 1317 1154 1375; x_wconf 88' lang='lat' dir='ltr'>esset,</span> <span class='ocrx_word' id='word_1_87' title='bbox 1193 1304 1431 1380; x_wconf 84' lang='lat' dir='ltr'>aliquem</span> <span class='ocrx_word' id='word_1_88' title='bbox 1461 1325 1646 1381; x_wconf 83' lang='lat' dir='ltr'>regem</span> <span class='ocrx_word' id='word_1_89' title='bbox 1670 1306 1828 1379; x_wconf 83' lang='lat' dir='ltr'>juxta</span> 
     </span>
     <span class='ocr_line' id='line_1_13' title="bbox 98 1405 1828 1482; baseline -0.001 -22"><span class='ocrx_word' id='word_1_90' title='bbox 98 1407 309 1482; x_wconf 89' lang='lat' dir='ltr'>imperii</span> <span class='ocrx_word' id='word_1_91' title='bbox 344 1427 535 1460; x_wconf 91' lang='lat' dir='ltr'>eorum</span> <span class='ocrx_word' id='word_1_92' title='bbox 561 1407 825 1460; x_wconf 83' lang='lat' dir='ltr'>terminos</span> <span class='ocrx_word' id='word_1_93' title='bbox 851 1426 980 1460; x_wconf 90' lang='lat' dir='ltr'>esse.</span> <span class='ocrx_word' id='word_1_94' title='bbox 1015 1405 1119 1460; x_wconf 88' lang='lat' dir='ltr'>Sed</span> <span class='ocrx_word' id='word_1_95' title='bbox 1157 1419 1210 1460; x_wconf 91' lang='lat' dir='ltr'>et</span> <span class='ocrx_word' id='word_1_96' title='bbox 1244 1407 1345 1482; x_wconf 89' lang='lat' dir='ltr'>ipsi</span> <span class='ocrx_word' id='word_1_97' title='bbox 1377 1405 1681 1460; x_wconf 87' lang='lat' dir='ltr'>cavendum</span> <span class='ocrx_word' id='word_1_98' title='bbox 1714 1427 1828 1460; x_wconf 88' lang='lat' dir='ltr'>esse</span> 
     </span>
     <span class='ocr_line' id='line_1_14' title="bbox 96 1504 1830 1582; baseline 0.001 -22"><span class='ocrx_word' id='word_1_99' title='bbox 96 1504 411 1582; x_wconf 82' lang='lat' dir='ltr'>exemplum</span> <span class='ocrx_word' id='word_1_100' title='bbox 444 1527 455 1559; x_wconf 76' lang='lat' dir='ltr'>t</span> <span class='ocrx_word' id='word_1_101' title='bbox 487 1506 644 1581; x_wconf 89' lang='lat' dir='ltr'>cujus</span> <span class='ocrx_word' id='word_1_102' title='bbox 678 1517 885 1581; x_wconf 88' lang='lat' dir='ltr'>quanto</span> <span class='ocrx_word' id='word_1_103' title='bbox 917 1508 1228 1582; x_wconf 88' lang='lat' dir='ltr'>promptius</span> <span class='ocrx_word' id='word_1_104' title='bbox 1263 1505 1608 1581; x_wconf 86' lang='lat' dir='ltr'>nobiliusque</span> <span class='ocrx_word' id='word_1_105' title='bbox 1644 1509 1713 1560; x_wconf 86' lang='lat' dir='ltr'>sit</span> <span class='ocrx_word' id='word_1_106' title='bbox 1748 1529 1830 1561; x_wconf 89' lang='lat' dir='ltr'>re-</span> 
     </span>
     <span class='ocr_line' id='line_1_15' title="bbox 96 1607 1827 1684; baseline -0.003 -22"><span class='ocrx_word' id='word_1_107' title='bbox 96 1627 301 1684; x_wconf 84' lang='lat' dir='ltr'>gnum,</span> <span class='ocrx_word' id='word_1_108' title='bbox 332 1618 488 1661; x_wconf 89' lang='lat' dir='ltr'>tanto</span> <span class='ocrx_word' id='word_1_109' title='bbox 531 1607 597 1660; x_wconf 91' lang='lat' dir='ltr'>sit</span> <span class='ocrx_word' id='word_1_110' title='bbox 638 1610 917 1661; x_wconf 84' lang='lat' dir='ltr'>Romanos</span> <span class='ocrx_word' id='word_1_111' title='bbox 965 1608 1202 1661; x_wconf 82' lang='lat' dir='ltr'>acriores</span> <span class='ocrx_word' id='word_1_112' title='bbox 1241 1608 1421 1661; x_wconf 88' lang='lat' dir='ltr'>hostes</span> <span class='ocrx_word' id='word_1_113' title='bbox 1470 1608 1779 1662; x_wconf 84' lang='lat' dir='ltr'>habiturus.</span> <span class='ocrx_word' id='word_1_114' title='bbox 1802 1634 1827 1658; x_wconf 62' lang='grc' dir='ltr'>υ</span> 
     </span>
     <span class='ocr_line' id='line_1_16' title="bbox 96 1704 1828 1783; baseline 0.001 -21"><span class='ocrx_word' id='word_1_115' title='bbox 96 1711 270 1783; x_wconf 87' lang='lat' dir='ltr'>Super</span> <span class='ocrx_word' id='word_1_116' title='bbox 315 1706 461 1778; x_wconf 82' lang='lat' dir='ltr'>haee,</span> <span class='ocrx_word' id='word_1_117' title='bbox 509 1706 700 1760; x_wconf 82' lang='lat' dir='ltr'>cedere</span> <span class='ocrx_word' id='word_1_118' title='bbox 749 1727 803 1760; x_wconf 88' lang='lat' dir='ltr'>se.</span> <span class='ocrx_word' id='word_1_119' title='bbox 843 1704 919 1760; x_wconf 88' lang='lat' dir='ltr'>illi</span> <span class='ocrx_word' id='word_1_120' title='bbox 956 1727 1156 1783; x_wconf 79' lang='lat' dir='ltr'>regim,</span> <span class='ocrx_word' id='word_1_121' title='bbox 1194 1707 1342 1782; x_wconf 87' lang='lat' dir='ltr'>quod</span> <span class='ocrx_word' id='word_1_122' title='bbox 1378 1709 1616 1762; x_wconf 78' lang='lat' dir='ltr'>Romani</span> <span class='ocrx_word' id='word_1_123' title='bbox 1666 1729 1828 1763; x_wconf 88' lang='lat' dir='ltr'>occu-</span> 
     </span>
     <span class='ocr_line' id='line_1_17' title="bbox 93 1807 1830 1885; baseline 0.002 -23"><span class='ocrx_word' id='word_1_124' title='bbox 93 1808 345 1884; x_wconf 82' lang='lat' dir='ltr'>paverint</span> <span class='ocrx_word' id='word_1_125' title='bbox 403 1807 726 1883; x_wconf 75' lang='lat' dir='ltr'>profitetur:</span> <span class='ocrx_word' id='word_1_126' title='bbox 787 1807 995 1883; x_wconf 80' lang='lat' dir='ltr'>gratius</span> <span class='ocrx_word' id='word_1_127' title='bbox 1042 1807 1369 1877; x_wconf 83' lang='lat' dir='ltr'>habiturus,</span> <span class='ocrx_word' id='word_1_128' title='bbox 1423 1809 1465 1862; x_wconf 91' lang='lat' dir='ltr'>si</span> <span class='ocrx_word' id='word_1_129' title='bbox 1518 1809 1573 1863; x_wconf 90' lang='lat' dir='ltr'>in</span> <span class='ocrx_word' id='word_1_130' title='bbox 1621 1830 1830 1885; x_wconf 79' lang='lat' dir='ltr'>posses-</span> 
     </span>
     <span class='ocr_line' id='line_1_18' title="bbox 94 1908 1824 1984; baseline 0.001 -22"><span class='ocrx_word' id='word_1_131' title='bbox 94 1910 246 1962; x_wconf 89' lang='lat' dir='ltr'>sione</span> <span class='ocrx_word' id='word_1_132' title='bbox 279 1909 493 1984; x_wconf 88' lang='lat' dir='ltr'>imperii</span> <span class='ocrx_word' id='word_1_133' title='bbox 534 1908 615 1961; x_wconf 86' lang='lat' dir='ltr'>sui</span> <span class='ocrx_word' id='word_1_134' title='bbox 657 1908 897 1978; x_wconf 88' lang='lat' dir='ltr'>socium,</span> <span class='ocrx_word' id='word_1_135' title='bbox 937 1909 1121 1983; x_wconf 89' lang='lat' dir='ltr'>potius</span> <span class='ocrx_word' id='word_1_136' title='bbox 1154 1929 1317 1983; x_wconf 85' lang='lat' dir='ltr'>quam</span> <span class='ocrx_word' id='word_1_137' title='bbox 1350 1909 1564 1981; x_wconf 80' lang='lat' dir='ltr'>hosteS,</span> <span class='ocrx_word' id='word_1_138' title='bbox 1605 1911 1824 1966; x_wconf 69' lang='lat' dir='ltr'>videret.</span> 
     </span>
     <span class='ocr_line' id='line_1_19' title="bbox 94 2006 1828 2084; baseline 0.002 -22"><span class='ocrx_word' id='word_1_139' title='bbox 94 2006 486 2084; x_wconf 83' lang='lat' dir='ltr'>Hujuscemodi</span> <span class='ocrx_word' id='word_1_140' title='bbox 532 2008 780 2062; x_wconf 83' lang='lat' dir='ltr'>oratione</span> <span class='ocrx_word' id='word_1_141' title='bbox 823 2007 1043 2083; x_wconf 88' lang='lat' dir='ltr'>impulit</span> <span class='ocrx_word' id='word_1_142' title='bbox 1090 2007 1435 2084; x_wconf 71' lang='lat' dir='ltr'>Philippum,</span> <span class='ocrx_word' id='word_1_143' title='bbox 1479 2022 1570 2076; x_wconf 84' lang='lat' dir='ltr'>ut,</span> <span class='ocrx_word' id='word_1_144' title='bbox 1616 2012 1828 2066; x_wconf 81' lang='lat' dir='ltr'>omissis</span> 
     </span>
     <span class='ocr_line' id='line_1_20' title="bbox 98 2106 1828 2186; baseline 0.002 -24"><span class='ocrx_word' id='word_1_145' title='bbox 98 2107 312 2177; x_wconf 81' lang='lat' dir='ltr'>AEtolis,</span> <span class='ocrx_word' id='word_1_146' title='bbox 346 2106 553 2163; x_wconf 85' lang='lat' dir='ltr'>bellum</span> <span class='ocrx_word' id='word_1_147' title='bbox 590 2109 854 2164; x_wconf 85' lang='lat' dir='ltr'>Romanis</span> <span class='ocrx_word' id='word_1_148' title='bbox 889 2108 1142 2178; x_wconf 79' lang='lat' dir='ltr'>inferret,</span> <span class='ocrx_word' id='word_1_149' title='bbox 1176 2110 1357 2164; x_wconf 83' lang='lat' dir='ltr'>minus</span> <span class='ocrx_word' id='word_1_150' title='bbox 1398 2112 1602 2186; x_wconf 85' lang='lat' dir='ltr'>negotii</span> <span class='ocrx_word' id='word_1_151' title='bbox 1644 2112 1828 2166; x_wconf 80' lang='lat' dir='ltr'>existi-</span> 
     </span>
     <span class='ocr_line' id='line_1_21' title="bbox 96 2209 1827 2287; baseline 0.003 -26"><span class='ocrx_word' id='word_1_152' title='bbox 96 2220 368 2277; x_wconf 82' lang='lat' dir='ltr'>mantem,</span> <span class='ocrx_word' id='word_1_153' title='bbox 402 2210 552 2285; x_wconf 87' lang='lat' dir='ltr'>quod</span> <span class='ocrx_word' id='word_1_154' title='bbox 584 2212 697 2285; x_wconf 86' lang='lat' dir='ltr'>jam</span> <span class='ocrx_word' id='word_1_155' title='bbox 734 2210 904 2265; x_wconf 84' lang='lat' dir='ltr'>victos</span> <span class='ocrx_word' id='word_1_156' title='bbox 949 2209 1016 2265; x_wconf 83' lang='lat' dir='ltr'>ab</span> <span class='ocrx_word' id='word_1_157' title='bbox 1057 2210 1328 2266; x_wconf 78' lang='lat' dir='ltr'>Annibale</span> <span class='ocrx_word' id='word_1_158' title='bbox 1370 2211 1518 2287; x_wconf 89' lang='lat' dir='ltr'>apud</span> <span class='ocrx_word' id='word_1_159' title='bbox 1557 2214 1827 2267; x_wconf 82' lang='lat' dir='ltr'>Trasime-</span> 
     </span>
     <span class='ocr_line' id='line_1_22' title="bbox 94 2305 1826 2387; baseline 0.003 -27"><span class='ocrx_word' id='word_1_160' title='bbox 94 2328 226 2362; x_wconf 88' lang='lat' dir='ltr'>num</span> <span class='ocrx_word' id='word_1_161' title='bbox 259 2305 440 2363; x_wconf 86' lang='lat' dir='ltr'>lacum</span> <span class='ocrx_word' id='word_1_162' title='bbox 472 2309 735 2364; x_wconf 86' lang='lat' dir='ltr'>audierat.</span> <span class='ocrx_word' id='word_1_163' title='bbox 771 2314 963 2385; x_wconf 88' lang='lat' dir='ltr'>Itaque</span> <span class='ocrx_word' id='word_1_164' title='bbox 1004 2332 1072 2365; x_wconf 93' lang='lat' dir='ltr'>ne</span> <span class='ocrx_word' id='word_1_165' title='bbox 1118 2311 1308 2366; x_wconf 87' lang='lat' dir='ltr'>eodem</span> <span class='ocrx_word' id='word_1_166' title='bbox 1349 2324 1596 2387; x_wconf 88' lang='lat' dir='ltr'>tempore</span> <span class='ocrx_word' id='word_1_167' title='bbox 1640 2311 1826 2366; x_wconf 86' lang='lat' dir='ltr'>multis</span> 
     </span>
     <span class='ocr_line' id='line_1_23' title="bbox 93 2405 1825 2487; baseline 0.003 -27"><span class='ocrx_word' id='word_1_168' title='bbox 93 2405 249 2460; x_wconf 86' lang='lat' dir='ltr'>bellis</span> <span class='ocrx_word' id='word_1_169' title='bbox 283 2409 659 2479; x_wconf 84' lang='lat' dir='ltr'>distineretur,</span> <span class='ocrx_word' id='word_1_170' title='bbox 709 2431 896 2485; x_wconf 91' lang='lat' dir='ltr'>pacem</span> <span class='ocrx_word' id='word_1_171' title='bbox 935 2432 1062 2465; x_wconf 84' lang='lat' dir='ltr'>cum</span> <span class='ocrx_word' id='word_1_172' title='bbox 1105 2410 1298 2466; x_wconf 86' lang='lat' dir='ltr'>AEtolis</span> <span class='ocrx_word' id='word_1_173' title='bbox 1336 2412 1490 2481; x_wconf 76' lang='lat' dir='ltr'>facit,</span> <span class='ocrx_word' id='word_1_174' title='bbox 1528 2432 1639 2466; x_wconf 92' lang='lat' dir='ltr'>non</span> <span class='ocrx_word' id='word_1_175' title='bbox 1671 2414 1825 2487; x_wconf 88' lang='lat' dir='ltr'>quasi</span> 
     </span>
     <span class='ocr_line' id='line_1_24' title="bbox 92 2506 1827 2587; baseline 0.003 -25"><span class='ocrx_word' id='word_1_176' title='bbox 92 2506 200 2564; x_wconf 82' lang='lat' dir='ltr'>alio</span> <span class='ocrx_word' id='word_1_177' title='bbox 233 2507 440 2564; x_wconf 89' lang='lat' dir='ltr'>bellum</span> <span class='ocrx_word' id='word_1_178' title='bbox 474 2509 875 2582; x_wconf 85' lang='lat' dir='ltr'>translaturus,</span> <span class='ocrx_word' id='word_1_179' title='bbox 909 2510 1001 2565; x_wconf 90' lang='lat' dir='ltr'>sed</span> <span class='ocrx_word' id='word_1_180' title='bbox 1035 2523 1098 2566; x_wconf 92' lang='lat' dir='ltr'>ut</span> <span class='ocrx_word' id='word_1_181' title='bbox 1139 2512 1361 2567; x_wconf 68' lang='lat' dir='ltr'>Graeciae</span> <span class='ocrx_word' id='word_1_182' title='bbox 1392 2513 1560 2587; x_wconf 88' lang='lat' dir='ltr'>quieti</span> <span class='ocrx_word' id='word_1_183' title='bbox 1613 2512 1827 2567; x_wconf 89' lang='lat' dir='ltr'>consul-</span> 
     </span>
     <span class='ocr_line' id='line_1_25' title="bbox 93 2611 1826 2686; baseline 0.002 -22"><span class='ocrx_word' id='word_1_184' title='bbox 93 2623 279 2681; x_wconf 90' lang='lat' dir='ltr'>turus,</span> <span class='ocrx_word' id='word_1_185' title='bbox 310 2631 474 2685; x_wconf 90' lang='lat' dir='ltr'>quam</span> <span class='ocrx_word' id='word_1_186' title='bbox 502 2631 785 2684; x_wconf 90' lang='lat' dir='ltr'>nunquam</span> <span class='ocrx_word' id='word_1_187' title='bbox 816 2611 871 2664; x_wconf 93' lang='lat' dir='ltr'>in</span> <span class='ocrx_word' id='word_1_188' title='bbox 901 2612 1094 2686; x_wconf 87' lang='lat' dir='ltr'>majori</span> <span class='ocrx_word' id='word_1_189' title='bbox 1124 2611 1369 2686; x_wconf 75' lang='lat' dir='ltr'>periculo</span> <span class='ocrx_word' id='word_1_190' title='bbox 1392 2611 1558 2666; x_wconf 85' lang='lat' dir='ltr'>fuisse</span> <span class='ocrx_word' id='word_1_191' title='bbox 1585 2613 1826 2667; x_wconf 81' lang='lat' dir='ltr'>affirma-</span> 
     </span>
     <span class='ocr_line' id='line_1_26' title="bbox 92 2710 1825 2786; baseline 0.002 -23"><span class='ocrx_word' id='word_1_192' title='bbox 92 2711 213 2780; x_wconf 73' lang='lat' dir='ltr'>bat,</span> <span class='ocrx_word' id='word_1_193' title='bbox 244 2710 514 2786; x_wconf 88' lang='lat' dir='ltr'>siquidem</span> <span class='ocrx_word' id='word_1_194' title='bbox 539 2710 1002 2784; x_wconf 80' lang='lat' dir='ltr'>consurgentibus</span> <span class='ocrx_word' id='word_1_195' title='bbox 1024 2710 1091 2764; x_wconf 89' lang='lat' dir='ltr'>ab</span> <span class='ocrx_word' id='word_1_196' title='bbox 1108 2711 1411 2767; x_wconf 57' lang='lat' dir='ltr'>&amp;ccidente</span> <span class='ocrx_word' id='word_1_197' title='bbox 1441 2714 1598 2766; x_wconf 87' lang='lat' dir='ltr'>novis</span> <span class='ocrx_word' id='word_1_198' title='bbox 1628 2716 1825 2767; x_wconf 84' lang='lat' dir='ltr'>Poeno·-</span> 
     </span>
     <span class='ocr_line' id='line_1_27' title="bbox 94 2810 1826 2885; baseline 0.002 -22"><span class='ocrx_word' id='word_1_199' title='bbox 94 2832 217 2864; x_wconf 85' lang='lat' dir='ltr'>rum</span> <span class='ocrx_word' id='word_1_200' title='bbox 245 2823 296 2865; x_wconf 92' lang='lat' dir='ltr'>et</span> <span class='ocrx_word' id='word_1_201' title='bbox 327 2813 707 2865; x_wconf 82' lang='lat' dir='ltr'>Romanorum</span> <span class='ocrx_word' id='word_1_202' title='bbox 740 2810 1008 2884; x_wconf 83' lang='lat' dir='ltr'>imperiiS,</span> <span class='ocrx_word' id='word_1_203' title='bbox 1043 2810 1242 2885; x_wconf 87' lang='lat' dir='ltr'>quibus</span> <span class='ocrx_word' id='word_1_204' title='bbox 1273 2831 1382 2864; x_wconf 91' lang='lat' dir='ltr'>una</span> <span class='ocrx_word' id='word_1_205' title='bbox 1412 2811 1529 2866; x_wconf 83' lang='lat' dir='ltr'>haec</span> <span class='ocrx_word' id='word_1_206' title='bbox 1555 2832 1582 2865; x_wconf 91' lang='lat' dir='ltr'>a</span> <span class='ocrx_word' id='word_1_207' title='bbox 1615 2814 1826 2867; x_wconf 84' lang='lat' dir='ltr'>Graecia</span> 
     </span>
     <span class='ocr_line' id='line_1_28' title="bbox 94 2908 1825 2983; baseline 0.002 -21"><span class='ocrx_word' id='word_1_208' title='bbox 94 2922 255 2983; x_wconf 83' lang='lat' dir='ltr'>atque</span> <span class='ocrx_word' id='word_1_209' title='bbox 283 2912 408 2965; x_wconf 88' lang='lat' dir='ltr'>Asia</span> <span class='ocrx_word' id='word_1_210' title='bbox 449 2910 518 2963; x_wconf 84' lang='lat' dir='ltr'>sit</span> <span class='ocrx_word' id='word_1_211' title='bbox 555 2930 734 2979; x_wconf 85' lang='lat' dir='ltr'>mora,</span> <span class='ocrx_word' id='word_1_212' title='bbox 768 2908 896 2963; x_wconf 88' lang='lat' dir='ltr'>dum</span> <span class='ocrx_word' id='word_1_213' title='bbox 937 2910 1080 2964; x_wconf 89' lang='lat' dir='ltr'>inter</span> <span class='ocrx_word' id='word_1_214' title='bbox 1121 2931 1176 2963; x_wconf 91' lang='lat' dir='ltr'>se</span> <span class='ocrx_word' id='word_1_215' title='bbox 1211 2908 1355 2964; x_wconf 90' lang='lat' dir='ltr'>bello</span> <span class='ocrx_word' id='word_1_216' title='bbox 1392 2910 1684 2966; x_wconf 86' lang='lat' dir='ltr'>discrimen</span> <span class='ocrx_word' id='word_1_217' title='bbox 1723 2914 1825 2966; x_wconf 86' lang='lat' dir='ltr'>im—</span> 
     </span>
     <span class='ocr_line' id='line_1_29' title="bbox 94 3009 1822 3082; baseline 0.003 -21"><span class='ocrx_word' id='word_1_218' title='bbox 94 3009 228 3082; x_wconf 86' lang='lat' dir='ltr'>perii</span> <span class='ocrx_word' id='word_1_219' title='bbox 274 3009 481 3063; x_wconf 84' lang='lat' dir='ltr'>faciunt</span> <span class='ocrx_word' id='word_1_220' title='bbox 525 3031 533 3061; x_wconf 96' lang='lat'><strong>:</strong></span> <span class='ocrx_word' id='word_1_221' title='bbox 570 3021 813 3063; x_wconf 87' lang='lat' dir='ltr'>ceterum</span> <span class='ocrx_word' id='word_1_222' title='bbox 862 3009 1045 3063; x_wconf 88' lang='lat' dir='ltr'>statim</span> <span class='ocrx_word' id='word_1_223' title='bbox 1084 3010 1388 3064; x_wconf 83' lang='lat' dir='ltr'>victoribus</span> <span class='ocrx_word' id='word_1_224' title='bbox 1424 3012 1719 3065; x_wconf 86' lang='lat' dir='ltr'>transitum</span> <span class='ocrx_word' id='word_1_225' title='bbox 1769 3014 1822 3066; x_wconf 87' lang='lat' dir='ltr'>in</span> 
     </span>
     <span class='ocr_line' id='line_1_30' title="bbox 95 3107 546 3161; baseline 0 0"><span class='ocrx_word' id='word_1_226' title='bbox 95 3109 380 3161; x_wconf 75' lang='lat' dir='ltr'>Orientem</span> <span class='ocrx_word' id='word_1_227' title='bbox 416 3107 546 3161; x_wconf 81' lang='lat' dir='ltr'>fore.</span> 
     </span>
    </p>
   </div>
   <div class='ocr_carea' id='block_1_3' title="bbox 175 3206 1823 3284">
    <p class='ocr_par' dir='ltr' id='par_1_4' title="bbox 175 3206 1823 3284">
     <span class='ocr_line' id='line_1_31' title="bbox 175 3206 1823 3284; baseline 0.004 -23"><span class='ocrx_word' id='word_1_228' title='bbox 175 3210 275 3262; x_wconf 85' lang='lat' dir='ltr'><strong>III.</strong></span> <span class='ocrx_word' id='word_1_229' title='bbox 313 3206 558 3261; x_wconf 77' lang='lat' dir='ltr'>«Videre</span> <span class='ocrx_word' id='word_1_230' title='bbox 598 3230 651 3261; x_wconf 89' lang='lat' dir='ltr'>se</span> <span class='ocrx_word' id='word_1_231' title='bbox 694 3209 905 3282; x_wconf 86' lang='lat' dir='ltr'>itaque,</span> <span class='ocrx_word' id='word_1_232' title='bbox 951 3211 1050 3277; x_wconf 84' lang='lat' dir='ltr'>ait,</span> <span class='ocrx_word' id='word_1_233' title='bbox 1103 3222 1525 3284; x_wconf 78' lang='lat' dir='ltr'>consurgentem</span> <span class='ocrx_word' id='word_1_234' title='bbox 1573 3212 1627 3264; x_wconf 86' lang='lat' dir='ltr'>in</span> <span class='ocrx_word' id='word_1_235' title='bbox 1666 3212 1823 3268; x_wconf 80' lang='lat' dir='ltr'>Italia</span> 
     </span>
    </p>
   </div>
   <div class='ocr_carea' id='block_1_4' title="bbox 1572 3310 1617 3363">
    <p class='ocr_par' dir='ltr' id='par_1_5' title="bbox 1572 3310 1617 3363">
     <span class='ocr_line' id='line_1_32' title="bbox 1572 3310 1617 3363; baseline 0.067 -2"><span class='ocrx_word' id='word_1_236' title='bbox 1572 3310 1617 3363; x_wconf 56' lang='grc' dir='ltr'>ΤΞ.</span> 
     </span>
    </p>
   </div>
  </div>
 </body>
</html>
