2315 3868
420 370 507 413 138
988 369 1179 414 NOTAE
1213 369 1281 414 IN
1319 371 1559 415 JUSTINI

409 488 525 532 gars.
545 506 556 525 ,
594 472 643 514 in
683 473 912 532 excerptis
946 474 1055 517 libri
1086 491 1228 530 xxxl,
1266 475 1625 533 Holoplzernem.
1662 474 1810 533 Igitur
1843 490 2015 519 nomen
2049 477 2139 520 hoc

409 550 468 592 ab
493 556 592 611 ὅρος,
617 564 778 603 mons,
810 551 885 594 vel
914 558 1021 614 ὅρος,
1051 552 1302 606 terminus,
1327 552 1458 595 limes
1476 585 1488 606 ,
1518 550 1646 606 finis,
1681 560 1756 594 aut
1788 559 1889 608 ὅλος,
1914 560 2062 607 totus,
2094 568 2138 596 et

406 632 547 686 φερνή,
575 625 686 681 dos,
721 641 801 670 seu
834 635 948 690 φρήν,
980 645 1138 682 mens,
1168 628 1504 686 compositum,
1532 637 1581 671 ut
1613 630 1843 681 Brennus,
1873 628 2136 686 Artapher—

404 716 507 754 nes,
548 702 960 764 Phrataphernes,
1011 705 1384 764 Tissaplzerncs3
1424 704 1682 764 rectiusque
1733 704 1851 747 forte
1886 705 2136 764 legendum

406 778 773 837 Holophcrnem,
805 788 852 823 ut
883 780 931 823 in
966 783 1103 826 Sacra
1126 780 1378 839 Scriptura.

924 929 1004 971 IN
1055 930 1331 973 LIBRUM
1372 930 1624 974 XXXVI.

466 1082 570 1125 CAP.
599 1084 635 1127 I.
661 1085 912 1128 Arsacidae
935 1084 1065 1145 regis.
1091 1087 1180 1129 Pro
1196 1086 1403 1130 Arsacis.
1427 1089 1630 1129 Arsaces
1646 1086 1720 1128 vel
1737 1087 1982 1130 Arsacidae
2009 1085 2133 1131 dice-

397 1159 570 1202 bantur
594 1176 757 1203 omnes
774 1161 1054 1206 Parthorum
1071 1178 1203 1221 reges
1217 1197 1229 1218 ,
1246 1163 1307 1207 ab
1323 1165 1501 1206 Arsace
1516 1162 1724 1222 ipsorum
1747 1177 1856 1221 rege
1883 1162 2131 1221 sapientis—

395 1235 529 1278 simo.
573 1236 649 1279 Sic
691 1245 735 1281 et
774 1253 937 1296 supra,
973 1255 1044 1293 11,
1085 1239 1139 1294 6,
1187 1240 1535 1299 Amphictyon,
1581 1239 1629 1282 in
1671 1255 1775 1282 mss.
1817 1247 1885 1283 est
1922 1239 2130 1299 Amphi-

394 1313 630 1369 ctyom'cles
645 1329 664 1366 ;
688 1315 972 1368 Prusiades,
1003 1325 1069 1359 est
1095 1317 1289 1359 Prusias
1304 1350 1319 1370 ,
1357 1316 1483 1374 apud
1513 1317 1800 1371 Varronem3
1836 1324 1881 1359 et
1919 1317 2099 1360 Callias
2115 1349 2129 1368 ,

399 1388 478 1430 sub
513 1404 607 1446 quo
644 1390 843 1435 Athenas
876 1392 1053 1435 Xerxes
1085 1392 1324 1447 incendit,
1355 1392 1571 1435 Diodoro
1597 1392 1765 1435 dicitur
1797 1392 2060 1444 Calliades3
2087 1401 2132 1436 et

394 1464 520 1521 quod
544 1465 690 1524 magis
710 1466 878 1510 mirum
909 1477 998 1522 est,
1031 1477 1192 1512 auctor
1222 1478 1383 1512 noster
1419 1485 1582 1526 supra,
1620 1485 1686 1522 11,
1726 1483 1806 1523 12,
1845 1484 1931 1526 pro
1978 1470 2019 1510 T
2017 1469 2128 1512 hes-

387 1541 497 1601 pias
535 1542 690 1598 posuit
736 1543 1059 1601 Thespiadas,
1103 1545 1231 1603 quod
1277 1554 1457 1588 veteres
1490 1545 1601 1587 libri
1623 1545 1926 1602 manuscripti
1966 1561 2128 1589 omnes

388 1615 578 1659 habent.
598 1620 796 1661 Arsaces
820 1619 942 1663 forte
973 1621 1295 1664 contractione
1320 1621 1632 1679 compositum
1655 1628 1722 1664 est
1748 1620 1807 1663 ab
1832 1618 1957 1682 Ᾰρης,
1980 1623 2128 1676 Mars,

390 1701 435 1734 et
480 1701 623 1751 σάκος,
659 1703 861 1752 scutum,
894 1696 1092 1756 Clypeus
1126 1698 1313 1753 Martis,
1345 1706 1394 1741 ut
1440 1699 1689 1740 Arimanes
1726 1698 1802 1740 vel
1835 1698 2125 1752 Arimanius,

386 1770 600 1814 Plutonis
626 1787 889 1831 cognomen
909 1774 1037 1832 apud
1061 1777 1219 1818 Persas
1237 1808 1249 1830 ,
1274 1775 1334 1818 ab
1360 1782 1574 1837 ἀρειμανῆς
1599 1783 1674 1817 aut
1703 1781 1947 1836 ἀρειμάνιος,
1974 1775 2126 1818 Marte

386 1845 570 1902 furens,
594 1857 642 1891 ut
670 1850 778 1892 Arii
801 1851 986 1908 populi,
1010 1852 1129 1894 Aria
1153 1860 1197 1894 et
1225 1852 1435 1905 Ariana,
1466 1851 1682 1910 regiones
1708 1850 1872 1894 Persiae
1890 1849 2099 1894 confines
2114 1885 2125 1904 ‚

386 1923 445 1966 ab
482 1931 605 1987 ἅρειος
627 1926 702 1969 vel
735 1933 883 1989 ἀρηΐος,
911 1928 1116 1971 martius.
1153 1949 1170 1968 α
1203 1929 1351 1986 Hujus
1380 1930 1573 1972 Arsacis
1610 1928 1874 1982 memoriae,
1901 1929 1964 1971 ait
1980 1928 2125 1983 infra,

385 2015 467 2042 xL1
486 2033 501 2053 ,
531 1999 555 2043 5
573 2035 585 2055 ‚
616 2002 823 2046 Justinus
839 2037 850 2058 ,
868 2004 993 2047 hunc
1021 2005 1250 2048 honorem
1278 2005 1436 2049 Parthi
1460 2006 1748 2060 tribuerunt,
1772 2014 1821 2048 ut
1845 2021 2006 2050 omnes
2037 2022 2121 2050 ex-

386 2075 495 2120 inde
526 2093 658 2136 reges
690 2095 796 2122 suos
825 2082 1016 2124 Arsacis
1040 2081 1231 2125 nomine
1264 2091 1547 2140 nuncupent.
1579 2102 1597 2121 »
1632 2082 1769 2141 Apud
1802 2083 2019 2137 Parthos,
2043 2083 2121 2125 in—

385 2152 483 2210 quit
530 2154 668 2196 etiam
711 2156 905 2211 Strabo,
939 2157 1020 2200 lib.
1050 2173 1135 2213 xv,
1174 2174 1336 2202 omnes
1385 2174 1517 2217 reges
1561 2162 1760 2202 Arsacoe
1795 2159 2121 2215 nominantur-3

383 2228 601 2286 privatim
636 2247 748 2274 vero
781 2232 894 2275 alius
934 2233 1141 2287 Orodes,
1178 2235 1293 2278 alius
1327 2235 1629 2288 Plzralzates,
1663 2236 1776 2278 alius
1809 2236 1954 2279 aliter.

450 2307 553 2349 CAP.
587 2307 648 2350 II.
684 2309 865 2351 ludaeis
907 2311 1035 2368 origo
1071 2312 1390 2353 Damascena.
1442 2311 1530 2353 Hic
1575 2326 1729 2369 operae
1767 2311 1970 2369 pretium
2004 2321 2119 2355 esset

383 2398 570 2441 quoque
588 2383 748 2428 audire
765 2384 997 2444 integrum
1016 2386 1063 2429 C.
1077 2387 1305 2442 Tacitum,
1324 2389 1461 2441 Hisc„
1477 2404 1522 2443 V,
1543 2403 1585 2443 2,
1604 2388 1661 2431 de
1680 2388 1860 2447 origine
1878 2389 2119 2432 institutis—

383 2474 472 2516 que
490 2462 516 2503 J
520 2460 755 2503 udaeorum
767 2495 781 2515 ,
811 2462 893 2505 sed
917 2463 1159 2506 brevitatis
1185 2479 1317 2508 causa
1335 2465 1457 2507 hune
1475 2466 1628 2508 locum
1644 2474 1821 2508 tantum
1844 2465 2087 2509 afferemus
2107 2483 2117 2508 :

384 2557 400 2573 «
424 2534 565 2591 Quia,
599 2536 780 2595 inquit,
813 2538 1079 2583 sacerdotes
1110 2556 1271 2583 eorum
1294 2541 1408 2584 tibia
1435 2542 1759 2601 tympanisque
1783 2543 2118 2597 concinebant,

381 2613 553 2656 hedera
586 2614 936 2671 vinciebantur,
967 2617 1166 2675 vitisque
1192 2634 1327 2662 aurea
1351 2620 1527 2677 templo
1553 2628 1731 2678 reperta
1754 2637 1762 2662 :
1789 2620 2007 2663 Liberum
2032 2635 2115 2677 pa—

381 2698 499 2732 trem
525 2691 639 2746 coli,
663 2692 947 2737 domitorem
971 2694 1176 2738 Orientis
1200 2696 1389 2753 quidam
1414 2696 1626 2740 arbitrati
1650 2707 1769 2740 sunt.
1796 2717 1812 2734 υ
1839 2698 1962 2755 Ergo
1991 2698 2113 2740 Hue-

382 2766 494 2820 lius,
542 2767 601 2810 ad
649 2768 872 2813 Hebraeos
909 2771 1070 2815 omnia
1116 2771 1348 2826 referens,
1382 2773 1486 2830 jure
1550 2773 1833 2816 existimavit
1884 2774 2114 2815 Bacchum

382 2843 594 2886 eumdem
627 2860 724 2888 esse
756 2861 808 2889 ac
840 2848 1077 2906 Moysem3
1112 2857 1156 2891 et
1197 2865 1358 2892 revera
1391 2850 1438 2892 in
1466 2849 1876 2893 Demonstratione
1909 2865 2114 2907 evange—

380 2920 466 2962 lica
491 2920 631 2963 fusius
662 2931 703 2964 et
734 2923 911 2981 optime
934 2924 1286 2969 demonstravit.
1314 2927 1407 2970 Sed
1438 2927 1554 2969 mihi
1585 2942 1696 2969 vero
1733 2926 1927 2968 similius
1965 2927 2115 2969 adhuc

381 2996 563 3039 videtur
599 3000 808 3057 Moysen]
839 3016 936 3044 esse
971 3002 1186 3045 eumdem
1222 3020 1360 3061 quem
1393 3005 1649 3062 Dionysum
1679 3006 1971 3057 Graecorum,
2006 3004 2113 3047 Osi—

380 3072 620 3132 ridemque
648 3075 1001 3133 iEgyptiorum,
1027 3079 1324 3138 proindeque
1353 3081 1524 3134 sole1n3
1556 3088 1599 3121 et
1627 3079 1747 3122 forte
1771 3080 1886 3123 illud
1904 3080 2015 3123 alibi
2034 3081 2113 3123 de·-

380 3151 652 3193 monstrabo
677 3151 841 3194 iisdem
867 3156 1150 3212 argumentis
1196 3157 1361 3214 quibus
1403 3157 1478 3199 hic
1521 3155 1727 3198 eruditus
1779 3157 2021 3216 episcopus
2053 3157 2113 3200 ad

381 3226 672 3281 probandam
709 3231 986 3274 sententiam
1030 3233 1307 3275 contrariam
1346 3249 1449 3275 usus
1480 3241 1560 3275 est.

453 3302 681 3346 Damasco
712 3320 829 3364 rege.
868 3307 911 3349 Is
941 3308 1019 3365 qui
1050 3309 1125 3352 hic
1151 3325 1323 3351 nomen
1359 3309 1463 3351 urbi
1492 3309 1696 3363 dedisse,
1726 3311 1896 3369 quique
1920 3311 2110 3353 Athares

379 3376 536 3420 uxoris
562 3380 732 3423 cultum
751 3381 999 3427 instituisse
1018 3385 1212 3440 dicitur,
1241 3385 1300 3428 ab
1326 3385 1425 3427 aliis
1452 3401 1547 3428 non
1578 3388 1867 3440 Damascus,
1902 3387 1980 3430 sed
2014 3389 2109 3429 Da-
