2315 3868
394 381 409 407 ι
427 378 445 406 1
454 378 478 406 2
1142 357 1166 398 J
1171 347 1381 398 USTINI

392 487 551 542 quem
584 464 762 520 Graeci
806 465 988 531 Pana,
1028 462 1266 516 Romani
1299 461 1613 533 Lupercum
1644 451 1954 529 appellant,
1988 474 2116 508 con-

393 567 569 620 stituit
621 585 632 617 :
683 564 863 638 ipsum
917 560 1003 614 dei
1052 557 1404 613 simulacrum
1445 554 1656 609 nudum
1711 552 1934 627 caprina
1978 549 2119 626 pelle

392 665 654 719 amictum
691 674 795 731 est,
834 681 942 736 quo
972 659 1163 712 habitu
1201 677 1348 711 nunc
1382 658 1569 709 Romae
1600 648 1999 726 Lupercalibus
2032 649 2121 703 de-

392 766 652 820 curritur.
694 765 887 816 Fauno
926 760 1030 814 fuit
1067 777 1206 811 uxor
1248 756 1470 810 nomine
1504 757 1711 823 Fatua,
1747 771 1866 825 quae
1909 747 2121 803 assidue

395 864 581 918 divino
622 862 817 938 spiritu
855 857 1103 933 impleta,
1141 854 1292 909 velut
1329 874 1425 928 per
1463 852 1730 919 furorem,
1769 850 1955 905 futura
1990 866 2123 922 prae-

395 961 665 1017 monebat.
706 958 870 1014 Unde
902 956 1110 1025 adhuc,
1149 954 1241 1028 qui
1281 952 1536 1027 inspirari
1574 949 1776 1019 solent,
1812 948 2009 1002 fatuari
2047 945 2125 999 di-

397 1074 615 1117 cuntur.
649 1062 728 1114 Ex
757 1056 867 1111 filia
897 1055 1071 1110 Fauni
1105 1065 1155 1107 et
1186 1049 1421 1106 Hercule
1442 1093 1455 1119 ,
1490 1051 1584 1125 qui
1620 1048 1809 1103 eodem
1845 1061 2090 1122 tempore
2110 1089 2124 1113 ,

397 1163 666 1217 exstincto
703 1160 981 1232 Geryone,
1018 1164 1292 1218 armenta,
1327 1150 1568 1204 victoriae
1603 1148 1847 1224 praemia,
1887 1167 1983 1222 per
2018 1149 2128 1200 Ita-

396 1261 525 1315 liam
578 1257 844 1326 ducebat,
900 1267 1089 1329 stupro
1145 1262 1441 1325 conceptus
1498 1249 1729 1303 Latinus
1785 1258 2123 1322 procreatur.

397 1363 525 1432 Quo
567 1368 787 1413 tenente
821 1375 1084 1430 regnum,
1125 1354 1319 1406 AEneas
1361 1349 1428 1403 ab
1472 1347 1606 1415 Ilio,
1647 1348 1811 1421 Troja
1853 1367 1883 1400 a
1925 1346 2128 1401 Graecis

399 1470 740 1535 expugnata,
777 1457 831 1508 in
862 1452 1078 1508 Italiam
1115 1452 1263 1505 venit
1296 1471 1307 1503 z
1342 1449 1635 1521 statimque
1664 1444 1807 1500 bello
1839 1457 2095 1520 exceptus
2115 1487 2129 1512 ,

400 1578 572 1633 quum
606 1558 661 1609 in
697 1556 866 1608 aciem
899 1552 1197 1605 exercitum
1229 1548 1530 1614 eduxisset,
1569 1544 1638 1598 ad
1670 1542 2008 1618 colloquium
2041 1564 2132 1597 vo-

400 1669 585 1727 catUS,
622 1665 831 1708 tantam
870 1650 1289 1706 admirationem
1325 1646 1407 1700 sui
1443 1646 1643 1700 Latino
1678 1643 1944 1718 praebuit,
1983 1655 2045 1697 ut
2081 1656 2134 1698 et

402 1759 457 1811 in
503 1756 815 1810 societatem
857 1751 1012 1826 regni
1055 1750 1415 1824 reciperetur,
1459 1757 1537 1814 et,
1580 1744 1812 1797 Lavinia
1855 1743 1909 1797 in
1948 1744 2135 1798 matri-

406 1858 655 1911 monium
677 1855 724 1908 ei
749 1852 901 1921 data,
930 1869 1095 1928 gener
1126 1847 1496 1901 ascisceretur.
1525 1847 1655 1898 Post
1691 1844 1806 1897 haec
1845 1864 2133 1897 commune

406 1957 625 2030 utrique
666 1951 872 2007 bellum
916 1949 1172 2004 adversus
1213 1950 1498 2015 Turnum,
1542 1942 1877 1999 Rutulorum
1918 1962 2134 2018 regem,

405 2068 631 2132 propter
661 2051 940 2106 fraudatas
977 2048 1217 2103 Laviniae
1248 2045 1467 2120 nuptias
1502 2044 1604 2097 fuit
1638 2065 1648 2096 ε
1679 2044 1733 2096 in
1771 2063 1878 2117 quo
1912 2054 1966 2096 et
1993 2044 2134 2096 Tur·

409 2177 510 2210 nus
540 2167 593 2208 et
621 2153 855 2207 Latinus
883 2149 1228 2204 interierunt.
1260 2146 1435 2221 Igitur
1464 2164 1633 2218 quum
1660 2145 1853 2197 AEneas
1875 2143 2000 2218 jure
2027 2143 2138 2195 vic-

408 2256 556 2309 toriae
592 2265 825 2326 utroque
858 2246 1064 2325 populo
1100 2247 1398 2322 potiretur,
1429 2243 1621 2297 urbem
1661 2262 1724 2295 ex
1756 2242 1976 2296 nomine
2006 2262 2140 2295 uxo—

409 2356 480 2409 ris
520 2353 813 2408 Lavinium
847 2347 1109 2404 condidit.
1146 2343 1361 2400 Bellum
1395 2341 1590 2397 deinde
1625 2341 1881 2396 adversus
1921 2344 2140 2395 Mezen-

410 2456 581 2521 tium,
627 2471 812 2528 regem
859 2452 1250 2514 Etruscorum,
1303 2443 1498 2519 gessit3
1550 2442 1604 2494 in
1650 2462 1759 2516 quo
1807 2462 1977 2515 quum
2026 2441 2140 2516 ipse

411 2553 701 2608 occidisset
722 2595 734 2619 ,
764 2551 819 2604 in
850 2547 1033 2602 locum
1062 2545 1177 2620 ejus
1210 2542 1473 2599 Ascanius
1506 2540 1645 2594 filius
1677 2541 1932 2594 successit
1969 2562 1979 2593 :
2013 2541 2105 2615 qui
2126 2583 2140 2603 ,

410 2654 644 2709 Lavinio
676 2649 892 2717 relicto,
927 2650 1176 2722 Longam
1209 2642 1402 2699 Albam
1433 2640 1705 2708 condidit,
1734 2661 1851 2714 quae
1883 2642 2141 2694 trecentis

413 2754 569 2809 annis
605 2761 766 2825 caput
801 2747 954 2823 regni
991 2746 1106 2799 fuit.

496 2854 565 2905 Π.
614 2852 744 2903 Post
780 2845 984 2901 multos
1021 2842 1219 2897 deinde
1255 2843 1404 2896 urbis
1440 2842 1603 2916 hujus
1640 2860 1789 2915 reges
1824 2838 1891 2892 ad
1927 2852 2139 2914 postre-

417 2971 567 3005 mum
601 2948 861 3003 Numitor
894 2957 945 2999 et
982 2941 1236 3000 Amulius
1271 2962 1442 3017 regno
1472 2940 1630 3015 potiti
1662 2950 1803 2992 sunt.
1837 2937 1941 2992 Sed
1971 2941 2140 2993 Amu-

418 3049 521 3103 lius
543 3093 556 3117 ,
614 3068 784 3122 quum
839 3057 996 3099 aetate
1054 3044 1294 3119 priorem
1353 3041 1703 3096 Numitorem
1759 3039 2110 3112 oppressisset
2133 3081 2145 3104 ,

420 3148 585 3202 {iliam
627 3147 740 3221 ejus
781 3144 993 3200 Rheam
1030 3144 1086 3196 in
1124 3154 1445 3218 perpetuam
1485 3138 1884 3212 virginitatem,
1924 3158 1991 3192 ne
2028 3138 2147 3211 quis

425 3247 624 3300 vindex
660 3245 813 3320 regni
849 3263 1005 3298 sexus
1038 3240 1207 3295 virilis
1242 3261 1306 3294 ex
1344 3249 1502 3314 gente
1539 3237 1846 3291 Numitoris
1883 3238 2148 3305 oriretur,

427 3346 710 3413 demersit,
753 3342 933 3397 addita
973 3342 1184 3415 injuriae
1220 3339 1397 3413 specie
1439 3337 1691 3404 honoris,
1736 3349 1795 3390 ut
1841 3357 1949 3389 non
1996 3335 2147 3388 (lam-
