2315 3868
459 343 549 371 212
882 325 1372 369 ADNOTATIONES
1402 326 1469 367 IN
1501 327 1739 370 JUSTINI

457 438 558 465 rum
587 430 650 463 est
684 438 692 462 :
732 420 817 462 tria
844 420 1032 478 quidem
1060 422 1222 479 proelia
1250 420 1505 475 commisit,
1535 421 1616 465 sed
1644 438 1740 465 non
1768 422 1814 464 in
1843 423 2059 466 omnibus
2083 439 2167 482 pa-

456 498 565 539 riter
594 495 718 538 vicit.

520 572 672 614 Pretio
703 582 936 615 remotum.
971 572 1092 615 Vide
1118 587 1247 616 xL111
1265 607 1275 626 ,
1300 590 1337 616 c.
1368 589 1423 629 V,
1450 582 1494 616 et
1525 575 1749 619 Pmmum.

519 648 612 690 Pro
637 647 744 703 jure
788 650 984 708 imperii.
1019 650 1093 693 Sic
1135 651 1336 708 exempli
1371 665 1504 693 causa
1544 659 1714 708 praetor
1753 651 1920 694 latinus
1954 652 2008 695 iis
2050 652 2169 696 dixit

453 723 577 781 apud
611 724 793 767 Livium
819 741 940 778 vni,
973 741 1010 768 c.
1049 732 1073 777 4
1106 741 1114 767 τ
1146 746 1163 764 «
1192 727 1285 769 Cur
1317 741 1413 768 non
1447 728 1561 770 alter
1588 728 1647 770 ab
1675 727 1852 771 Latinis
1887 730 2049 772 consul
2080 729 2168 772 da-

452 798 555 842 tur?
595 800 678 843 ubi
707 816 813 860 pars
845 802 1039 855 virium,
1074 801 1141 843 ibi
1171 810 1215 844 et
1243 801 1429 860 imperii
1457 818 1563 860 pars
1592 814 1671 847 est.
1696 824 1714 842 »

517 875 621 919 CAP.
647 880 703 920 V.
747 879 899 934 Quam
923 888 968 920 et
985 893 1165 936 proavo
1196 893 1279 921 suo
1311 878 1579 922 Mithridati
1602 880 1814 923 Seleucus
1852 880 2099 924 Callinicus
2125 881 2170 923 in

452 954 605 995 dotem
635 954 852 996 dedisset.
879 953 1071 996 Fallitur
1103 954 1178 996 hic
1221 954 1470 1012 Pompeius
1503 955 1708 1012 Trogus,
1746 964 1798 998 ut
1835 955 2171 1000 demonstravit

453 1028 729 1073 Niebuhrius
754 1030 801 1072 in
825 1030 1092 1087 opusculis,
1125 1038 1156 1074 t.
1178 1045 1221 1084 1,
1253 1045 1298 1088 p.
1330 1029 1417 1074 261
1452 1046 1553 1089 sqq.
1588 1031 1845 1074 Antiochus
1876 1034 1989 1076 deus
2025 1032 2068 1075 ei
2091 1031 2167 1074 di-

452 1104 622 1147 cendus
663 1114 772 1148 erat.

516 1182 686 1240 Regem
711 1181 954 1238 Bithynice
975 1181 1204 1225 Chreston.
1236 1190 1441 1243 Χρηστόν,
1471 1184 1738 1227 Nicomedis
1765 1184 1977 1239 fratrem,
1997 1184 2055 1226 de
2078 1199 2170 1241 quo

451 1256 680 1300 videndus
715 1267 780 1300 est
808 1258 1292 1301 Scnwmcnffiusmns
1319 1259 1378 1302 ad
1411 1260 1618 1318 Appiani
1650 1261 1886 1316 Mithrid„
1919 1276 1955 1303 c.
1989 1275 2058 1303 10.

516 1333 618 1376 CAP.
656 1335 734 1376 Vl.
778 1335 965 1392 Quippe
992 1349 1083 1376 non
1110 1335 1281 1377 delicta
1312 1351 1484 1394 regum.
1521 1336 1702 1380 Similia
1731 1336 2054 1380 Mithridatem
2091 1336 2169 1378 di—

451 1418 629 1453 centem
671 1410 777 1453 fecit
820 1410 1062 1454 Sallustius
1107 1410 1156 1452 in
1199 1411 1394 1467 epistola
1445 1412 1541 1469 ejus
1592 1414 1651 1455 ad
1698 1418 1915 1456 Arsacem
1960 1428 2118 1470 regem
2159 1429 2167 1454 :

452 1506 469 1522 «
503 1486 712 1543 Namque
750 1485 975 1528 Romanis
1020 1500 1124 1528 cum
1172 1486 1464 1541 nationibus,
1507 1488 1718 1546 populis,
1762 1489 1950 1546 regibus
1996 1489 2169 1531 cunctis

450 1576 536 1602 una
575 1570 619 1603 et
659 1576 709 1604 ea
742 1569 873 1604 vetus
906 1576 1040 1605 causa
1077 1561 1286 1604 bellandi
1320 1570 1410 1617 est,
1444 1563 1615 1620 cupido
1646 1563 1881 1620 profunda
1910 1563 2094 1621 imperii
2127 1573 2170 1606 et

450 1636 743 1691 divitiarum,
774 1646 857 1682 etc.
879 1656 898 1675 »

516 1714 592 1757 Sic
615 1723 663 1756 et
682 1729 815 1756 avum
838 1729 969 1756 suum
998 1713 1310 1758 Pharnacem.
1337 1714 1482 1771 Hujus
1514 1715 1581 1758 rei
1617 1715 1809 1774 vestigia
1836 1715 1960 1774 apud
1991 1724 2168 1758 ceteros

447 1789 695 1849 scriptores
725 1790 892 1833 frustra
916 1799 1193 1849 quaeruntur.
1220 1792 1289 1834 En
1323 1791 1437 1849 quid
1462 1791 1519 1834 de
1552 1806 1604 1835 ea
1635 1792 1758 1835 dicat
1793 1794 1864 1835 Jo.
1902 1794 2001 1848 Foy
2030 1793 2168 1834 Vall-

448 1868 550 1909 lant
571 1866 620 1908 in
651 1866 775 1910 libro
800 1868 859 1910 de
882 1867 1039 1927 Regib.
1070 1868 1233 1919 Ponti,
1259 1883 1303 1926 p.
1334 1867 1393 1910 50
1425 1884 1434 1910 ε
1462 1889 1479 1906 «
1502 1868 1640 1911 Unde
1666 1868 1790 1911 enim
1817 1868 2065 1911 Pharnacis
2088 1868 2165 1911 illa

447 1957 550 1985 cum
581 1944 787 1986 Eumene
820 1940 1053 1986 affinitas?
1088 1959 1210 2002 quae,
1247 1944 1425 1987 etiamsi
1450 1945 1677 1987 Eumenes
1706 1943 2037 2002 grandioribus
2060 1943 2167 1986 filiis

447 2017 668 2075 caruerit,
701 2027 856 2061 tamen
895 2021 1121 2076 Attalum,
1160 2019 1254 2076 ejus
1286 2020 1504 2076 fratrem,
1535 2019 1614 2079 qui
1647 2019 1688 2062 ei
1727 2020 1968 2073 successit,
2003 2021 2164 2062 exclu—

446 2093 604 2137 deret?
641 2094 839 2137 Videtur
872 2095 1015 2154 igitur
1052 2097 1280 2139 Eumenes
1324 2098 1544 2154 parvulos
1573 2105 1750 2139 tantum
1779 2112 1834 2138 ex
1877 2095 2167 2149 Stratonica‚

445 2169 705 2214 Ariarathis
751 2171 1083 2229 Cappadocum
1127 2172 1248 2231 regis
1284 2170 1401 2227 filia,
1440 2173 1708 2231 reliquisse,
1745 2172 1823 2231 qui
1866 2187 1948 2230 per
1987 2180 2165 2215 aetatem

446 2261 641 2305 regnum
677 2246 1000 2290 administrare
1041 2263 1139 2290 non
1173 2257 1405 2306 poterant.
1442 2250 1593 2303 Quam
1627 2249 1690 2292 ob
1729 2264 1911 2291 causam
1946 2248 2166 2292 Eumenis

447 2337 653 2366 sororem
693 2323 828 2366 duxit
859 2324 1115 2367 Pharnaces
1141 2333 1185 2367 et
1216 2340 1441 2368 consensu
1467 2325 1673 2368 omnium
1701 2323 1907 2367 affinium
1943 2324 2166 2367 succeda—

446 2415 556 2443 neus
579 2399 677 2459 regi
695 2400 889 2444 Eumeni
915 2410 1202 2459 nuncupatus
1234 2411 1314 2447 est.
1347 2402 1487 2457 Quod
1503 2404 1684 2446 Attalus
1715 2402 1987 2461 improbans
2018 2415 2165 2460 regno

446 2475 688 2520 succedere
710 2476 859 2520 voluit
885 2494 893 2519 :
923 2503 988 2510 —
1021 2493 1120 2536 quae
1147 2493 1220 2521 res
1247 2487 1428 2521 senatus
1470 2478 1666 2521 arbitrio
1691 2479 1875 2522 videtur
1909 2478 2073 2521 delata.
2102 2504 2166 2510 -—

446 2552 598 2595 Attalo
637 2567 750 2596 vero
782 2567 978 2612 regnum
1013 2562 1194 2598 senatus
1225 2553 1489 2596 attribuit.»
1523 2555 1678 2598 Abbas
1713 2555 1935 2609 Sevinus,
1980 2554 2029 2596 in
2074 2554 2165 2597 suis

446 2627 732 2672 flecken—hes
764 2644 844 2672 sur
872 2632 938 2673 les
976 2631 1064 2673 rois
1108 2631 1166 2673 de
1207 2632 1460 2690 Pergame,
1487 2631 1609 2675 hanc
1641 2647 1738 2675 rem
1779 2632 1915 2690 plane
1943 2631 2162 2674 intactam

445 2703 645 2762 reliquit.

513 2779 658 2835 Hujus
695 2792 874 2840 nepote.
913 2784 950 2826 1.
994 2798 1032 2826 e.
1066 2782 1309 2842 Jugurtha.
1351 2810 1415 2818 —-
1453 2786 1612 2828 llIodo.
1656 2786 1692 2827 I.
1731 2801 1767 2828 e.
1817 2793 1920 2826 ante
1958 2782 2160 2827 sedecim

446 2871 605 2900 annos

512 2933 611 2975 Avi.
644 2934 834 2992 Legitur
865 2936 1102 2979 nonnullis
1139 2936 1186 2978 in
1226 2937 1462 2980 codicibus
1495 2938 1648 2995 patris
1684 2935 2008 2997 (Masinissae)3
2053 2934 2160 2977 licet

445 3007 692 3066 scriptores
720 3010 851 3052 latini
872 3020 1064 3068 patrem
1095 3028 1429 3070 nonnunquam
1456 3013 1620 3056 latiore
1645 3027 1776 3056 sensu
1812 3010 2042 3065 dixerint,
2073 3026 2159 3053 nos

448 3098 502 3125 ex
533 3085 694 3128 codice
719 3087 938 3130 Gothano
958 3097 1000 3130 et
1018 3088 1090 3132 ed.
1111 3088 1300 3142 Aldina,
1317 3090 1394 3131 avi
1416 3088 1698 3147 praetulimus
1724 3087 1931 3132 verbum.

512 3160 616 3202 CAp.
652 3162 756 3205 Vll.
792 3164 1006 3207 Nicatore
1034 3165 1234 3208 Seleuco.
1260 3166 1442 3208 Scilicet
1468 3166 1530 3207 ob
1548 3164 1785 3221 proaviam
1802 3197 1812 3216 ‚
1845 3163 2024 3206 Seleuci
2048 3163 2157 3206 Cal-

448 3233 595 3288 linici,
623 3236 719 3279 sive
752 3238 904 3295 potius
934 3240 1151 3283 Antiochi
1175 3241 1261 3283 Dei
1296 3239 1452 3283 filiam.
1489 3239 1608 3281 Vide
1632 3248 1790 3281 notam
1817 3239 1875 3283 ad
1905 3254 2003 3296 cap.
2029 3255 2072 3281 v.

516 3312 654 3354 Hoste
683 3329 816 3371 vago.
853 3316 970 3357 Nam
1005 3317 1181 3375 Scythae
1206 3325 1335 3360 erant
1368 3322 1590 3377 ἁμαξόβιοι.
