2315 3868
598 357 1037 402 HISTORIARUM
1073 357 1186 399 LIB.
1228 357 1395 400 XLIII.
1765 369 1849 409 117

136 465 272 534 Quae
298 484 381 517 res
408 461 509 517 illis
534 474 586 516 et
609 463 806 514 virium
830 459 1082 513 fiduciam
1108 462 1283 528 auxit,
1304 473 1357 513 et
1383 479 1568 534 pacem
1593 463 1659 511 ab
1687 458 1854 511 hosti-

137 565 238 617 bus
276 564 536 637 praestitit.
577 562 764 631 Quum
802 561 968 635 igitur
1005 557 1246 612 Massilia
1285 558 1426 611 fama
1462 578 1643 612 rerum
1681 569 1852 632 gesta·

115 668 125 680 ”
140 684 287 731 rum,
321 674 372 715 et
403 659 737 714 abundantia
770 680 964 735 opum,
998 670 1050 712 et
1082 658 1280 710 virium
1315 654 1487 731 gloria
1518 657 1725 710 virente
1758 656 1854 710 flo-

142 773 309 830 reret,
346 770 564 833 repente
598 757 816 811 finitimi
857 756 1046 833 populi
1086 755 1151 810 ad
1191 775 1391 809 nomen
1432 753 1852 808 Massiliensium

143 858 468 927 delendum,
514 857 680 911 veluti
725 857 792 911 ad
835 877 1123 911 commune
1174 854 1629 930 exstinguendum
1677 855 1859 908 incen-

142 958 317 1025 dium,
351 969 708 1010 concurrunt.
743 958 871 1010 Dux
905 976 1174 1009 consensu
1206 954 1450 1008 omnium
1484 953 1859 1008 Catumandus

141 1055 362 1132 regulus
395 1055 642 1132 eligitur,
676 1058 799 1130 qui,
836 1076 1007 1130 quum
1038 1075 1237 1129 magno
1270 1056 1510 1109 exercitu
1541 1052 1861 1107 lectissimo-

143 1177 265 1210 rum
310 1158 550 1210 virorum
602 1156 789 1210 urbem
839 1155 1078 1209 hostium
1130 1153 1433 1223 obsideret,
1483 1174 1579 1228 per
1629 1154 1861 1227 quietem

145 1257 321 1331 specie
364 1269 530 1309 torvae
558 1253 826 1322 mulieris,
856 1274 976 1326 quae
1009 1274 1062 1306 se
1095 1253 1250 1306 deam
1280 1253 1520 1321 dicebat,
1546 1253 1833 1306 exterritus
1852 1294 1865 1321 ,

146 1353 290 1408 ultro
341 1374 529 1429 pacem
578 1372 701 1405 cum
750 1349 1181 1406 Massiliensibus
1232 1350 1391 1419 fecit3
1441 1352 1759 1426 petitoque,
1807 1363 1867 1404 ut

146 1454 350 1506 intrare
379 1450 455 1505 illi
485 1452 702 1519 urbem,
733 1463 786 1504 et
814 1453 961 1504 Deos
991 1470 1177 1504 eorum
1211 1449 1436 1504 adorare
1464 1448 1674 1521 liceret,
1699 1471 1869 1524 quum

149 1553 204 1606 in
258 1572 434 1605 arcem
485 1552 746 1604 Minervae
799 1551 1064 1618 venisset,
1115 1561 1404 1624 conspecto
1459 1551 1513 1602 in
1569 1548 1869 1624 porticibus

152 1649 438 1705 simulacro
494 1649 636 1718 deae,
688 1668 850 1722 quam
918 1668 1014 1722 per
1063 1648 1300 1722 quietem
1351 1648 1595 1718 viderat,
1649 1659 1871 1723 repente

151 1750 440 1818 exclamat,
475 1749 665 1803 «illam
696 1769 833 1819 esse,
866 1769 984 1822 quae
1014 1769 1068 1802 se
1100 1760 1259 1802 nocte
1293 1750 1662 1815 exterruisset3
1693 1746 1870 1819 illam,

153 1870 271 1926 quae
317 1848 568 1904 recedere
620 1848 687 1902 ab
739 1847 1023 1903 obsidione
1073 1849 1388 1923 jussisset.»
1442 1846 1874 1924 Gratulatusque

155 1947 609 2017 MassiliensibUS,
636 1947 784 2023 quod
814 1948 1294 2015 animadverteret,
1321 1968 1410 2001 eos
1437 1946 1505 2002 ad
1531 1967 1719 2001 curam
1752 1946 1877 2002 deo-

153 2069 277 2103 rum
310 2046 700 2102 immortalium
732 2049 1033 2122 pertinere,
1069 2059 1263 2121 torque
1295 2067 1460 2101 aureo
1497 2046 1700 2101 donata
1745 2046 1875 2116 dea,

154 2150 210 2201 in
230 2159 558 2223 perpetuum
582 2147 874 2201 amicitiam
900 2167 1024 2200 cum
1045 2144 1476 2200 Massiliensibus
1492 2146 1693 2220 junxit.
1715 2148 1878 2201 Parta

155 2266 313 2321 pace,
344 2259 396 2300 et
434 2248 722 2301 securitate
754 2244 1009 2313 fundata,
1046 2256 1376 2299 revertentes
1408 2266 1439 2298 a
1471 2244 1700 2320 Delphis
1730 2247 1877 2299 Mas-

158 2345 455 2400 siliensium
495 2346 688 2421 legati,
726 2367 834 2421 quo
874 2347 1022 2400 missi
1065 2366 1292 2399 munera
1330 2343 1570 2422 Apollini
1609 2344 1881 2413 tulerant,

159 2446 451 2500 audierunt
483 2445 673 2499 urbem
712 2465 996 2498 romanam
1029 2465 1061 2498 a
1091 2443 1265 2498 Gallis
1316 2456 1534 2519 captam
1570 2446 1876 2498 incensam-

160 2566 282 2620 que.
321 2545 507 2614 Quam
541 2565 655 2599 rem
689 2543 837 2598 domi
867 2545 1176 2597 nuntiatam
1210 2542 1430 2619 publico
1463 2543 1654 2598 funere
1687 2544 1882 2599 Massi-

162 2645 355 2699 lienses
388 2644 660 2720 prosecuti
702 2655 872 2697 sunt:
913 2663 1218 2716 aurumque
1260 2655 1313 2696 et
1364 2654 1653 2719 argentum
1696 2640 1876 2719 publi-

166 2765 292 2798 cum
334 2745 718 2819 privatumque
764 2740 1146 2811 contulerunt,
1185 2742 1252 2795 ad
1294 2742 1626 2817 explendum
1669 2742 1885 2818 pondus

167 2841 373 2914 Gallis,
421 2864 452 2897 a
500 2842 695 2917 quibus
744 2840 1080 2916 redemptam
1124 2862 1315 2917 pacem
1359 2852 1748 2916 cognoverant.
1798 2840 1884 2894 Ob

169 2941 316 3015 quod
348 2943 601 2996 meritum
631 2954 683 2995 et
716 2940 1028 2994 immunitas
1056 2939 1160 2995 illis
1193 2939 1432 3010 decreta,
1464 2952 1518 2993 et
1549 2938 1700 2994 locus
1732 2960 1884 3014 spec-

168 3039 474 3095 taculorum
518 3042 573 3095 in
619 3052 810 3095 senatu
858 3039 1048 3109 datus,
1094 3051 1145 3093 et
1189 3038 1362 3093 foedus
1404 3059 1559 3114 aequo
1601 3040 1722 3113 jure
1766 3058 1889 3114 per-

170 3160 404 3193 cussum.

251 3243 316 3294 In
352 3252 627 3314 postremo
666 3239 807 3294 libro
850 3241 1062 3314 Trogus
1105 3239 1335 3312 majores
1371 3259 1495 3293 suos
1538 3259 1568 3292 a
1606 3239 1888 3292 Vocontiis

172 3340 437 3414 originem
471 3337 691 3406 ducere3
725 3360 885 3393 avum
921 3359 1078 3393 suum
1110 3340 1352 3413 Trogum
1384 3338 1733 3412 Pompeium,
1767 3339 1887 3390 Ser-
