2315 3868
584 317 919 361 HISTORIAS
959 318 1349 363 PHILIPPICAS.
1736 339 1825 380 207

173 413 426 471 Benigne...
452 411 654 455 habetur.
687 414 772 455 Per
802 412 961 455 decem
988 413 1174 470 quidem
1206 430 1378 470 annos,
1410 417 1469 460 ab
1492 423 1573 470 141
1606 435 1748 478 usque
1769 422 1828 466 ad

113 490 201 533 130
232 504 255 532 a
285 489 334 532 C.
369 489 456 543 N.;
482 488 537 532 cf.
564 504 728 547 supra,
762 504 900 542 xxix,
929 504 966 533 c,
1009 505 1044 531 1.

181 564 386 623 Trypho.
422 565 515 619 Qui
546 565 674 623 prius
700 565 931 607 Diodotus
956 564 1108 608 dictus
1141 565 1303 610 fuerat.

175 640 432 694 Antiocho,
467 639 692 684 Demetrii
722 640 947 699 privigno.
983 642 1232 700 Cleopatra
1267 643 1415 697 enim,
1451 647 1686 692 Ptolemaei
1718 652 1831 695 Phi-

105 718 349 761 lometoris
380 716 500 772 filia,
533 716 661 775 prius
693 718 966 762 Alexandro
994 719 1113 762 Balae
1150 727 1318 778 nupta,
1350 730 1457 779 post
1486 723 1544 765 ab
1569 724 1673 783 ipso
1698 737 1828 786 patre

109 794 167 837 ad
194 794 485 838 Demetrium
517 793 801 838 Nicanorem
824 795 962 839 missa
990 804 1057 838 est
1084 812 1093 838 :
1128 811 1270 854 quare
1303 798 1557 843 Alexandri
1589 801 1711 848 filius
1737 806 1828 850 dici

108 878 290 927 poterat
333 870 576 929 privignus
620 870 863 915 Demetrii.
907 898 970 905 ——
1000 873 1108 915 Diu.
1150 873 1186 916 Ι.
1228 888 1264 918 e.
1307 888 1390 931 per
1439 886 1639 934 quatuor
1686 881 1828 925 ferme

105 961 266 990 anno&

171 1023 416 1066 Antiocho.
453 1025 531 1066 Est
563 1024 824 1067 Antiochus
857 1025 1052 1070 Sidetes.

172 1100 260 1142 Sub
291 1102 527 1144 Demetrio
550 1111 699 1161 patre.
728 1103 879 1144 Immo
905 1101 1003 1159 jam
1035 1111 1168 1158 ante,
1197 1104 1282 1147 sub
1317 1106 1550 1151 Antiocho
1569 1109 1825 1168 Epiphane.

173 1178 274 1221 Cn.
294 1178 352 1222 ΙΙ.
385 1178 563 1220 Judoeis
576 1178 703 1237 origo
722 1179 1034 1221 Damascena.
1055 1178 1176 1222 Vide
1205 1196 1340 1239 supra
1358 1215 1370 1236 ,
1394 1198 1439 1241 p.
1474 1183 1574 1227 138.
1601 1187 1754 1240 Quum
1781 1187 1827 1230 in

104 1254 351 1314 originibus
374 1255 531 1312 judaeae
558 1254 706 1313 gentis
735 1263 913 1298 veteres
944 1255 1195 1314 scriptores
1235 1273 1334 1300 non
1366 1260 1487 1303 ultra
1514 1262 1826 1318 conjecturam

105 1339 149 1373 et
185 1331 433 1390 opiniones
463 1340 703 1390 saperent,
728 1339 776 1373 ut
801 1332 875 1374 vel
908 1346 963 1374 ex
995 1331 1160 1374 Tacito
1189 1343 1404 1390 apparet,
1437 1351 1532 1378 non
1564 1337 1730 1381 mirum
1763 1350 1831 1382 est

106 1407 166 1450 ad
201 1408 518 1450 venerandam
544 1406 819 1464 antiquitate
855 1415 900 1449 et
940 1407 1219 1465 religionum
1254 1410 1665 1456 vetustissimarum
1698 1416 1832 1474 copia

105 1484 278 1526 claram
306 1483 469 1527 urbem
503 1485 781 1526 Damascum
809 1484 890 1526 has
927 1498 1114 1542 quoque
1147 1485 1351 1543 origines
1376 1487 1434 1530 ab
1466 1489 1694 1548 aliquibus
1735 1508 1830 1536 esse

104 1560 284 1603 relatas

176 1637 256 1679 Ex
279 1636 440 1696 regina
466 1635 785 1679 Semiramide.
805 1636 879 1678 Sic
913 1636 1050 1679 etiam
1082 1637 1160 1681 alii
1195 1648 1418 1684 veterum.
1449 1644 1521 1687 Ad
1556 1646 1828 1689 Damascum

109 1714 234 1756 enim
267 1713 342 1756 hic
375 1713 743 1765 transferuntur,
781 1729 882 1771 quae
915 1714 1057 1771 vulgo
1094 1715 1407 1761 narrabantur
1452 1720 1510 1762 de
1546 1722 1661 1765 urbe
1687 1727 1829 1767 Asca-

108 1792 204 1833 lon.
248 1790 368 1833 Vide
400 1792 637 1833 Rimmon
677 1789 736 1832 ad
769 1791 1054 1849 Fragmenta
1101 1791 1262 1835 Ctesiae
1293 1794 1473 1850 Cnidii,
1520 1812 1564 1855 p.
1605 1798 1695 1856 393
1729 1817 1830 1860 sqq.

106 1868 226 1910 Nam
268 1882 359 1924 quo
391 1865 581 1909 tandem
617 1865 710 1908 alio
743 1865 889 1908 modo
932 1881 1071 1924 quam
1112 1883 1196 1925 per
1239 1869 1591 1916 Semiramidem
1636 1886 1832 1921 matrem

109 1941 301 2001 Assyriae
333 1956 465 1998 reges
491 1958 516 1984 e.
550 1939 684 2000 Syria
714 1940 944 1984 maritima
976 1953 1021 1987 et
1051 1945 1336 1990 Damascena
1360 1949 1456 2006 peti
1481 1951 1768 2008 potuissent?

177 2020 447 2078 Sepulcrum
485 2016 699 2069 Aramis,
739 2018 896 2060 uxoris
938 2019 1047 2072 esav.
1094 2021 1403 2066 Scribendum
1447 2033 1544 2068 erat
1589 2031 1832 2086 ATHARES,

110 2104 154 2137 ut
190 2104 368 2139 mature
405 2093 624 2136 viderunt
666 2092 940 2151 interpretes
969 2094 1175 2140 Justini:
1212 2106 1307 2141 erat
1340 2099 1460 2142 enim
1497 2102 1592 2146 haec
1623 2104 1708 2148 dea
1742 2102 1833 2166 Sy«

109 2186 283 2214 rorum.
312 2170 435 2215 Vide
472 2170 717 2212 CREUZRRI
758 2168 1097 2227 Symbolicam‚
1141 2171 1269 2229 cujus
1314 2175 1577 2221 versionem
1621 2182 1831 2238 gallicam

111 2254 433 2305 exspectamus
464 2261 487 2287 a
521 2244 626 2288 viro
651 2245 908 2289 clarissimo
930 2247 1204 2306 Guigniaut,
1241 2250 1331 2292 vol.
1366 2265 1409 2294 1]
1429 2289 1438 2306 ,
1468 2268 1511 2310 p.
1530 2253 1590 2297 63
1618 2271 1684 2314 sq.
1719 2259 1831 2301 Eam

109 2332 224 2366 teste
249 2322 506 2376 Strabone,
531 2322 704 2366 Ctesias
739 2332 987 2367 *coemerat
1015 2331 1194 2386 Δερκετὼ
1221 2323 1371 2385 (Vide
1395 2329 1574 2385 Bffimz„
1606 2348 1649 2390 p.
1693 2334 1835 2396 393),

108 2407 395 2456 matremque
420 2398 591 2442 fecerat
620 2398 942 2442 Semiramidis
969 2416 978 2443 :
1005 2400 1130 2444 unde
1162 2401 1333 2445 factum
1348 2413 1415 2446 est
1444 2415 1490 2448 ut
1515 2406 1627 2451 inde
1652 2410 1836 2456 deriva-

113 2484 235 2519 retur
276 2490 434 2533 regum
465 2475 742 2534 assyriorum
782 2491 939 2534 genus.
970 2479 1105 2520 Pater
1136 2477 1230 2534 ejus
1260 2480 1419 2523 Ctesiae
1461 2482 1610 2527 adhuc
1648 2486 1834 2544 ignotus

116 2561 240 2607 erat,
274 2552 350 2595 scd
379 2568 401 2595 a
437 2553 800 2610 posterioribus,
832 2562 881 2595 ut
916 2553 964 2595 in
993 2554 1176 2597 Justino
1204 2555 1439 2611 videmus,
1473 2557 1617 2604 fictus.

183 2629 438 2672 Abraham.
481 2630 610 2672 Idem
657 2639 852 2674 testatur
893 2631 1107 2674 Nicolaus
1156 2632 1469 2677 Damascenus
1514 2636 1562 2679 in
1621 2639 1838 2682 Historc'oe

115 2706 381 2749 universalis
416 2707 677 2765 excerptis,
712 2723 757 2765 p.
798 2714 909 2764 114,
947 2708 1018 2751 ed.
1056 2708 1203 2751 Orelli
1238 2725 1247 2751 ε
1278 2709 1472 2773 Ᾱβράμῃς
1514 2720 1718 2770 ἐβασίλευε
1758 2729 1836 2764 Aes.-

117 2796 294 2845 μασκοῦ,
318 2792 460 2838 ἔπηλυς
488 2792 554 2831 σὺν
576 2799 735 2847 στρατῷ
764 2793 975 2847 ἀφιγμένος
992 2794 1034 2833 ἐκ
1059 2799 1128 2840 τῆς
1155 2799 1224 2848 ’γῆς
1254 2799 1323 2841 τῆς
1346 2796 1442 2851 ὑπὲρ
1469 2798 1703 2848 Βαβυλῶνος
1725 2805 1835 2842 Χαλ-

116 2863 242 2908 δαίων
279 2869 516 2923 λεγομένης,
549 2870 634 2905 ete.
666 2887 729 2893 —-
759 2863 872 2916 Quae
903 2871 1011 2920 post
1040 2863 1136 2906 haec
1172 2863 1282 2906 falsa
1320 2875 1593 2922 narrantur,
1628 2878 1675 2912 ut
1706 2871 1754 2914 in
1785 2887 1835 2914 re

116 2937 380 2992 notissima,
408 2939 482 2982 hic
514 2939 767 2982 admonere
799 2947 843 2981 et
867 2938 1102 2996 corrigere
1130 2938 1293 2983 inutile
1327 2950 1406 2986 est.

187 3014 358 3057 Moses.
383 3015 456 3058 Sic
486 3017 643 3075 vulgo.
668 3015 888 3060 Meliores
913 3017 1048 3060 MSS.
1076 3032 1237 3060 omnes
1272 3018 1486 3074 Ilffoyses,
1518 3029 1569 3062 ut
1597 3022 1756 3067 Graeci.

185 3091 395 3134 Montem
436 3092 574 3136 Sz'noe.
608 3094 714 3137 Sive
746 3094 902 3152 potius
928 3094 1130 3151 Synam;
1159 3095 1402 3153 pragensis
1439 3112 1448 3138 ε
1476 3096 1644 3153 ιῖγηαί,
1676 3108 1724 3142 ut
1748 3100 1835 3142 Ju-

116 3166 202 3210 daei
230 3166 333 3225 ipsi.

184 3243 288 3286 CAP.
317 3244 403 3286 III.
440 3245 577 3298 Quod
609 3246 655 3288 in
690 3246 762 3290 his
791 3257 966 3290 tantam
993 3249 1251 3307 regionibus
1283 3250 1497 3310 gignitur.
1534 3253 1833 3297 Accuratiora

116 3318 261 3361 habes
289 3319 411 3377 apud
449 3322 755 3378 Strabonem,
782 3340 894 3379 xvi,
930 3341 972 3383 p.
1011 3324 1100 3368 525
1121 3360 1132 3380 ,
1164 3335 1207 3369 ct
1235 3327 1461 3385 plurimos
1492 3329 1606 3372 alios
1631 3331 1835 3389 scripto-
