2248 3697
592 240 1031 286 HISTORIARUM
1070 240 1182 280 LlB.
1221 238 1404 281 XXIX.
1797 234 1851 286 37

139 347 463 420 prehensus,
492 357 543 398 et
569 344 636 398 ad
666 355 910 397 senatum
939 340 1260 417 perductus,
1293 338 1578 392 incolumis
1604 335 1856 389 dimissus

138 458 242 515 est,
277 466 384 498 non
415 446 467 498 in
502 444 764 498 honorem
798 443 965 517 regiS‚
999 439 1090 494 sed
1117 459 1211 504 ne,
1240 437 1438 490 dubius
1469 436 1673 505 adhue,
1703 433 1857 487 indu-

139 544 338 597 bitatus
376 542 546 596 hostis
586 541 919 595 redderetur.
963 542 1154 594 Postea
1194 556 1348 603 vem,
1387 555 1555 608 quum
1597 533 1856 587 Romanis

138 643 449 695 nuntiatum
489 653 656 709 esset,
691 642 743 694 in
784 638 997 694 Italiam
1031 635 1350 711 Philippum
1386 636 1567 708 copias
1602 634 1858 706 trajectu-

137 762 286 811 rum,
314 742 595 794 Laevinum
622 753 909 816 praetorem
937 759 1060 792 cum
1089 734 1367 791 instructis
1394 731 1622 785 navibus
1645 731 1712 784 ad
1736 751 1860 805 pro-

138 840 435 894 hibendum
485 841 774 894 transitum
821 840 1063 893 mittunt.
1113 836 1224 906 Qui
1273 853 1443 908 quum
1492 832 1545 884 in
1591 832 1856 885 Graeciam

139 942 462 1015 trajecisset,
495 939 682 995 multis
716 939 992 1015 promissis
1027 933 1257 1012 impellit
1288 931 1495 988 AEtolos
1529 928 1734 985 bellum
1766 930 1857 983 ad-

138 1060 326 1093 versus
362 1038 678 1114 Philippum
722 1038 1008 1112 suscipere.
1048 1033 1336 1109 Philippus
1381 1050 1601 1106 quoque
1639 1029 1861 1084 Achaeos

142 1140 194 1191 in
231 1142 609 1192 Romanorum
647 1135 786 1190 bella
821 1134 1089 1189 sollicitat.
1131 1137 1346 1186 Interea
1378 1143 1431 1184 et
1461 1128 1710 1185 Dardani
1741 1130 1862 1182 Ma-

139 1236 377 1289 cedoniae
405 1236 538 1289 fines
567 1247 778 1288 vastare
806 1245 1113 1309 coeperunt,
1141 1230 1500 1304 abductisque
1526 1249 1592 1283 xx
1623 1226 1862 1281 millibus

139 1335 511 1408 captivorum,
561 1332 881 1409 Philippum
933 1354 962 1387 a
1011 1352 1238 1386 romano
1287 1328 1429 1384 bello
1479 1329 1546 1382 ad
1597 1326 1860 1382 tuendum

138 1454 366 1508 regnum
394 1446 807 1488 revocaverunt.
833 1436 981 1487 Dum
1008 1433 1122 1485 haec
1150 1441 1418 1506 aguntur,
1443 1429 1698 1483 Laevinus
1726 1447 1863 1501 prae-

140 1545 254 1600 tor,
288 1533 476 1605 juncta
518 1553 643 1586 cum
676 1530 860 1587 Attalo
902 1551 1026 1606 rege
1062 1531 1344 1597 societate,
1379 1529 1646 1583 Graeciam
1687 1546 1863 1602 popu-

143 1631 298 1684 latur.
335 1632 551 1701 Quibus
587 1630 831 1684 cladibus
868 1627 1130 1705 perculsae
1166 1630 1438 1696 civitates,
1473 1624 1732 1680 auxilium
1772 1646 1863 1701 pe-

144 1742 317 1783 tentes
368 1727 685 1804 Philippum
734 1727 1097 1803 legationibus
1150 1727 1382 1802 fatigant
1437 1747 1447 1778 ε
1504 1745 1602 1778 nec
1650 1744 1759 1778 non
1813 1736 1864 1778 et

140 1827 451 1903 lllyriorum
505 1848 633 1898 rex,
683 1826 837 1882 lateri
885 1828 999 1902 ejus
1045 1827 1289 1889 haerenS‚
1339 1824 1563 1879 assiduis
1614 1824 1865 1899 precibus

140 1928 402 2002 promissa
439 1927 702 2003 exigebat.
741 1929 915 2002 Super
952 1927 1065 1980 haec
1104 1926 1299 1980 vastati
1333 1923 1662 1978 Macedones
1699 1921 1863 1977 ultio-

141 2047 262 2080 nem
303 2027 636 2103 flagitabant.
679 2028 897 2098 Quibus
944 2038 1025 2080 tot
1068 2027 1342 2099 tantisque
1382 2024 1543 2078 rebus
1586 2022 1865 2091 obseSSUS‚

141 2128 226 2178 cui
265 2128 337 2179 rei
374 2129 612 2202 primum
650 2139 992 2195 occurreret,
1028 2125 1367 2201 ambigebat3
1401 2122 1655 2177 omnibus
1686 2133 1861 2175 tamen

146 2224 456 2299 propediem
490 2225 687 2279 auxilia
719 2248 772 2280 se
802 2226 1096 2279 missurum
1125 2222 1413 2300 pollicetur
1441 2245 1451 2275 :
1487 2243 1597 2275 non
1631 2221 1756 2294 quia
1789 2220 1867 2274 fa·
1902 2297 1903 2300 Ἴ

143 2344 262 2376 cere
305 2336 518 2398 posset,
555 2345 675 2398 quae
718 2325 1102 2399 promittebat,
1146 2323 1237 2378 sed
1280 2335 1340 2376 ut
1379 2342 1472 2397 spe
1516 2318 1768 2396 impletos
1812 2321 1865 2372 iu

144 2423 415 2476 societatis
450 2424 573 2497 jure
610 2424 882 2477 retineret.
919 2424 1099 2477 Prima
1133 2435 1311 2476 tamen
1352 2420 1428 2475 illi
1461 2419 1733 2497 expeditio
1771 2418 1866 2473 ad·-

143 2541 331 2575 versus
364 2522 650 2576 Dardanos
683 2522 786 2576 fuit
819 2544 829 2575 :
865 2524 994 2596 qui,
1026 2523 1319 2576 absentiam
1356 2522 1470 2596 ejus
1501 2530 1868 2595 aucupante5‚

146 2621 351 2694 majore
372 2619 496 2674 belli
522 2620 663 2674 mole
688 2621 1023 2675 Macedoniae
1046 2621 1418 2674 imminebant.
1445 2622 1583 2675 Cum
1608 2619 1869 2673 Romanis

147 2740 365 2794 quoque
397 2741 583 2795 pacem
622 2720 779 2785 facit7
814 2722 1083 2775 contentis
1126 2721 1342 2774 interim
1376 2718 1580 2772 bellum
1618 2717 1869 2771 macedo-

148 2819 330 2872 nicum
366 2818 640 2872 distulisse
672 2841 681 2872 :
715 2818 1131 2895 Philopoemeni,
1166 2818 1489 2873 Achaeorum
1523 2816 1676 2887 duci,
1708 2836 1870 2891 quem

148 2915 215 2969 ad
252 2920 528 2972 Romanos
563 2920 830 2973 sociorum
864 2922 1072 2972 animos
1101 2917 1389 2972 sollicitare
1420 2915 1712 2985 didicerat,
1743 2917 1870 2970 insi-

148 3015 261 3068 dias
292 3017 593 3089 praetendit.
628 3019 846 3087 Quibus
878 3016 965 3070 ille
994 3018 1225 3071 monitis
1253 3017 1568 3090 vitatisque,
1599 3014 1872 3069 discedere

1063 3061 1092 3093 z>

145 3114 211 3166 ab
238 3134 301 3167 co
332 3115 550 3170 Achaeos
578 3119 901 3171 auctoritate
925 3138 1021 3170 sua
1048 3118 1238 3192 coegit.
