2315 3868
605 300 935 344 HISTORIAS
975 298 1365 344 PHILIPPICAS.
1757 315 1847 358 209

201 397 357 439 Matri.
402 398 519 451 Quae
561 405 657 440 erat
695 396 979 450 Stratonice,
1015 397 1297 451 Ariarathis,
1341 395 1670 455 Cappadocum
1705 396 1850 456 regis,

132 471 239 518 filia.

199 550 466 593 Citharistoe
482 549 724 605 cujusdam
733 548 862 605 filia.
879 549 976 591 MS.
1004 565 1122 592 unus
1143 551 1328 593 Aristlze
1339 582 1353 602 ‚
1380 549 1508 608 quod
1526 549 1647 593 foret
1666 550 1850 613 Ᾱρίστης.

129 627 222 670 Sed
258 627 367 671 vide
405 627 647 680 SEvmuM,
687 626 735 668 in
767 626 883 668 Hist.
921 626 980 668 de
1016 627 1310 670 l'Acade'mie
1345 627 1427 669 des
1465 627 1770 685 Inscriptions
1808 638 1855 671 ct

131 704 521 755 Renes-Letum,
549 703 642 745 vol.
675 717 780 754 xm,
816 717 860 759 p.
901 700 1007 745 313.
1039 728 1104 734 —
1137 703 1387 760 Sequentia
1429 702 1650 760 explicuit
1683 703 1849 747 Frein-

131 779 330 822 shemius
362 779 409 821 in
451 777 794 836 Supplcmentis
827 777 978 833 Livii,
1017 794 1120 832 mx,
1153 794 1189 823 e.
1230 777 1400 828 48-51.
1435 805 1498 810 —
1532 780 1769 838 Perperna
1802 780 1850 823 in

130 857 263 899 MSS.
296 854 465 898 Justini
493 863 538 897 et
565 854 764 897 aliorum
795 854 1012 898 scribitur
1038 856 1300 913 Perpenna.
1329 857 1372 898 Is
1401 856 1712 899 Aristonicum
1741 856 1850 900 vicit

129 931 451 990 captivumque
483 932 680 975 Romam
713 931 864 986 misit,
905 931 986 974 ubi
1017 931 1062 974 in
1093 947 1273 975 carcere
1298 941 1482 976 senatus
1508 933 1635 990 jussu
1663 941 1849 977 necatus

129 1017 220 1065 est,
253 1023 378 1052 anno
410 1008 553 1051 Urbis
590 1006 698 1060 465.
728 1008 846 1051 Vide
876 1010 1041 1051 Pmm
1084 1009 1201 1051 His-t.
1234 1018 1360 1062 nat.,
1398 1025 1519 1063 x111,
1550 1026 1585 1053 c.
1622 1009 1664 1053 3.

192 1085 258 1127 M.
298 1085 525 1144 Aquilius.
567 1084 719 1128 Ceteri
759 1084 1007 1142 scriptores
1047 1101 1207 1129 omnes
1247 1087 1462 1129 fldanium
1494 1087 1728 1145 Aquilium
1758 1104 1846 1129 vo-

127 1169 258 1215 cant,
290 1161 419 1219 quod
436 1161 560 1220 apud
591 1161 823 1204 Justinum
853 1161 1187 1206 restituendum
1215 1162 1299 1205 fuit
1335 1180 1343 1205 ε
1379 1164 1445 1206 M
1467 1165 1589 1206 enim
1619 1166 1847 1212 Marcum.

129 1238 210 1280 M’.
242 1237 453 1280 Manium
485 1238 533 1280 in
564 1240 696 1282 MSS.
732 1236 982 1296 significat3
1021 1240 1148 1296 quod
1183 1249 1375 1298 apparet
1402 1256 1538 1298 quam
1578 1241 1709 1284 facile
1743 1256 1850 1283 cor-

128 1322 378 1373 rumpatur.

639 1438 713 1479 IN
751 1438 1025 1481 LIBRUM
1061 1439 1336 1482 XXXVII.

191 1614 492 1657 Ponticorum
531 1627 695 1672 regum
730 1612 922 1656 historia
959 1628 1015 1655 ex
1055 1622 1148 1656 tam
1180 1615 1337 1671 paucis
1372 1615 1677 1673 scriptoribus
1709 1617 1850 1660 hodie

127 1699 236 1733 nota
266 1698 360 1745 est,
390 1698 441 1732 ut
468 1688 677 1748 Pompeii
705 1689 856 1733 fontes
886 1689 992 1732 sciri
1020 1703 1117 1732 non
1148 1690 1342 1748 possint.
1373 1691 1427 1733 In
1456 1691 1714 1750 originibus
1738 1708 1849 1751 quas

128 1767 282 1826 posuit
310 1767 626 1826 populorum,
665 1766 723 1808 ab
755 1765 942 1809 Justino
972 1781 1187 1824 magnam
1221 1776 1399 1825 partem
1434 1768 1634 1823 omissis,
1669 1783 1848 1827 cogno-

125 1843 289 1886 scimus
313 1842 388 1886 hic
415 1842 510 1885 illic
534 1842 850 1885 narrationem
879 1843 1167 1894 Memnonis,
1201 1859 1294 1901 quo
1319 1853 1505 1887 auctore
1529 1846 1733 1902 Trogum
1755 1846 1848 1902 jam

127 1935 261 1978 supra
295 1918 457 1978 saepius
483 1935 617 1962 usum
644 1919 860 1962 vidimus.

192 1998 296 2040 CAP.
331 1997 366 2039 Ι.
401 1996 677 2039 Mithridati
702 1997 895 2039 Pontico
924 1997 1136 2056 Phrygia
1166 2000 1330 2052 masor.
1359 1999 1493 2042 MSS.
1526 2015 1686 2043 omnes
1716 2001 1849 2059 Syria

124 2072 299 2129 major,
339 2073 465 2131 quod
496 2072 690 2116 historia
723 2072 951 2131 repudiat.
990 2075 1088 2115 Jam
1123 2074 1275 2116 editor
1308 2074 1502 2118 Aldinus
1535 2077 1848 2133 probantibus

125 2149 467 2194 successoribus
502 2149 677 2193 cunctis
716 2150 839 2192 hunc
879 2164 1085 2193 errorem
1124 2150 1326 2194 correxit
1365 2166 1421 2194 ex
1464 2152 1698 2209 sequentis
1740 2153 1846 2196 libri

126 2242 163 2269 c.
200 2224 258 2281 5,
303 2225 388 2269 ubi
425 2226 722 2269 Mithridates
761 2227 968 2284 Eupator
1006 2226 1117 2269 dicit
1156 2243 1164 2268 :
1207 2247 1222 2264 «
1266 2227 1366 2270 Sibi
1400 2228 1583 2286 pupillo
1624 2228 1848 2284 majorem

126 2302 384 2361 Phrygiam
425 2302 708 2357 ademerint,
749 2318 886 2361 quam
926 2303 1048 2361 patri
1090 2318 1171 2345 suo
1215 2302 1452 2360 praemium
1490 2303 1587 2346 dati
1630 2304 1849 2349 adversus

126 2378 439 2422 Aristonicum
481 2377 639 2421 auxilii
674 2388 1010 2422 concesserant.
1042 2399 1059 2417 »
1089 2379 1221 2423 Adde
1250 2380 1456 2438 Appiani
1494 2381 1846 2435 Mithridation,

126 2470 162 2497 c.
203 2470 258 2499 12
292 2464 336 2499 et
369 2453 442 2510 57.

195 2532 476 2576 Ariarathis.
506 2533 610 2577 Scil.
644 2533 790 2585 Sexti,
827 2533 1108 2591 cognomine
1140 2533 1465 2590 Philopatoris.

192 2610 407 2668 Namque
434 2610 638 2653 Laodice
666 2624 724 2651 ex
753 2624 952 2652 numero.
985 2609 1312 2652 Dubitationes
1360 2609 1418 2652 de
1444 2610 1529 2652 hac
1567 2625 1616 2652 re
1654 2611 1847 2668 protulit

125 2684 329 2744 BayliuS,
364 2685 674 2728 Dictionnaire
705 2685 894 2743 critique
923 2694 968 2726 et
1000 2685 1134 2736 hist„
1169 2685 1253 2727 sub
1281 2701 1322 2727 v.
1364 2684 1680 2743 Cappadocia.

197 2763 347 2805 Unum
371 2765 626 2820 parvulum.
658 2761 841 2805 Scilicet
868 2762 1159 2805 Ariarathem
1191 2762 1449 2820 septimum.

192 2839 286 2881 Per
312 2854 423 2881 XLVI
448 2854 609 2882 annos.
629 2839 779 2882 Immo
805 2838 972 2896 viginti
996 2838 1178 2893 sex,ab
1210 2854 1248 2880 a.
1284 2837 1344 2895 89
1376 2853 1414 2881 a.
1445 2840 1495 2882 C.
1528 2839 1582 2881 N.
1602 2838 1660 2881 ad
1695 2854 1734 2881 a.
1762 2837 1838 2890 63,

127 2922 175 2956 ut
209 2914 348 2958 ceteri
381 2914 643 2973 scriptores.

192 2990 296 3034 CAP.
334 2992 396 3035 ΙΙ.
441 2994 536 3036 Per
568 3003 798 3053 utramque
837 3002 1028 3050 tempus.
1071 3012 1088 3030 «
1133 2992 1285 3034 Noctu
1328 2991 1498 3035 scilicet
1542 3000 1585 3034 et
1627 2990 1843 3034 interdiu.

127 3066 267 3122 Quod
302 3076 455 3111 autern
485 3078 686 3114 cometes
716 3070 795 3113 ille
826 3069 928 3112 coeli
959 3084 1037 3112 seu
1072 3068 1321 3127 superioris
1353 3067 1664 3127 hemisphaerii
1706 3083 1844 3126 quar-

129 3152 224 3187 tam
250 3152 451 3202 partem,
476 3145 566 3189 hoc
597 3156 665 3190 est
696 3147 863 3206 gradus
893 3144 979 3200 45,
1014 3160 1287 3203 occupasse,
1323 3154 1366 3188 et
1399 3153 1600 3203 quatuorv
1622 3145 1842 3187 horarum

128 3220 326 3278 spatium
360 3229 464 3264 ortu
495 3237 751 3282 occasuque
783 3222 1083 3266 consumsisse
1117 3221 1309 3276 dicitur,
1344 3221 1392 3264 id
1431 3222 1489 3264 de
1525 3221 1669 3265 cauda
1702 3220 1845 3278 ipsius

128 3297 176 3339 in
217 3306 389 3340 tantam
430 3308 644 3356 porrecta
680 3300 1018 3358 longitudinem
1061 3309 1104 3342 et
1141 3300 1249 3343 solis
1284 3299 1424 3342 radiis
1459 3300 1704 3353 illustrata,
1749 3314 1841 3341 non

412 3405 468 3437 11.
1538 3390 1602 3452 14
