2315 3868
378 392 438 435 92
1121 374 1355 419 JUSTINI

378 479 610 553 quietior
666 478 883 552 AEgypti
941 488 1142 547 status,
1197 499 1359 552 quam
1417 479 1583 553 Syriae
1635 497 1865 552 regnum
1923 488 2088 545 esset,

377 596 544 650 quum
578 586 776 647 mater,
811 574 985 630 altero
1015 597 1079 631 ex
1109 575 1228 630 filiis
1261 575 1461 646 electo,
1496 575 1729 630 alterum
1766 576 1976 629 hostem
2005 595 2086 628 es-

379 686 458 727 set
498 674 771 729 habitura.
816 676 991 749 Igitur
1032 696 1203 749 quum
1240 676 1467 750 pronior
1506 676 1562 729 in
1608 676 1874 729 minorem
1915 673 2088 727 filium

376 787 512 829 esset
532 818 545 842 ,
580 795 611 828 a
643 773 847 850 populo
878 774 1224 849 compellitur
1255 775 1516 849 majorem
1550 775 1747 852 eligere
1776 796 1787 830 :
1819 776 1906 829 cui
1937 775 2088 849 prius

376 893 538 947 quam
582 894 814 949 regnum
859 873 1044 941 daret,
1092 894 1317 927 uxorem
1361 873 1593 944 ademit;
1640 874 2088 949 compulsumque

372 972 659 1047 repudiare
699 974 1029 1027 carissimam
1071 973 1171 1026 sibi
1212 993 1453 1026 sororem
1498 971 1872 1048 Cleopatram,
1913 974 2088 1027 mino-

372 1092 487 1126 rem
527 1093 768 1126 sororem
807 1071 1035 1127 Selenen
1071 1071 1268 1125 ducere
1298 1072 1485 1146 jubet,
1521 1092 1631 1125 non
1666 1084 1911 1126 materno
1946 1074 2087 1127 inter

373 1169 510 1226 filias
546 1171 784 1246 judicio,
824 1193 994 1246 quum
1033 1170 1187 1225 alteri
1223 1171 1479 1225 maritum
1512 1172 1773 1245 eriperet,
1807 1169 1961 1224 alteri
1995 1171 2087 1226 da-

372 1282 469 1325 ret.
509 1271 614 1325 Sed
646 1269 968 1345 Cleopatra,
1003 1292 1114 1324 non
1144 1282 1256 1323 tam
1297 1292 1324 1323 a
1362 1271 1480 1324 viro
1512 1269 1826 1345 repudiata,
1864 1290 2027 1344 quam
2057 1290 2089 1324 a

372 1382 545 1424 matre
588 1370 822 1424 divortio
861 1371 964 1423 viri
1008 1369 1260 1439 dimissa,
1302 1370 1567 1444 Cyziceno
1610 1370 1664 1422 in
1707 1370 1860 1443 Syria
1900 1370 2086 1438 nubit;

373 1471 527 1544 eique
560 1490 627 1523 ne
652 1469 862 1522 nudum
888 1471 1068 1523 uxoris
1099 1490 1295 1523 nomen
1322 1468 1562 1537 afferret,
1593 1469 1887 1522 exercitum
1913 1471 2085 1544 Grypi

372 1568 755 1634 sollicitatum,
795 1568 945 1621 velut
984 1566 1251 1636 dotalem,
1297 1567 1363 1620 ad
1399 1568 1656 1620 maritum
1699 1567 1934 1621 deducit.
1982 1571 2085 1622 Par

371 1669 539 1744 igitur
575 1668 780 1721 viribus
817 1667 997 1721 fratris
1032 1667 1329 1743 Cyzicenus
1370 1665 1623 1742 proelium
1666 1667 1986 1736 committit,
2026 1688 2086 1721 ac

369 1769 545 1822 victus
590 1768 647 1820 in
689 1766 875 1841 fugam
919 1767 1178 1836 vertitur,
1223 1765 1679 1839 Antiochiamque
1721 1766 1884 1819 venit.
1931 1768 2085 1820 Tunc

371 1866 719 1920 Antiochiam
753 1868 1000 1939 Grypus,
1033 1865 1087 1917 in
1121 1886 1227 1938 qua
1259 1876 1374 1917 erat
1406 1864 1654 1938 Cyziceni
1689 1884 1826 1917 uxor
1857 1863 2082 1939 Cleopa-

369 1976 476 2034 tra,
507 1964 754 2017 obsidere
787 1964 974 2037 coepit;
1009 1984 1113 2036 qua
1142 1975 1324 2037 capta,
1356 1963 1684 2037 Tryphaena,
1715 1984 1852 2016 uxor
1879 1964 2080 2037 Grypi,

369 2062 507 2118 nihil
534 2064 809 2137 antiquius
835 2084 997 2136 quam
1022 2083 1261 2116 sororem
1286 2060 1631 2138 Cleopatram
1662 2063 1862 2136 requiri
1883 2063 2042 2136 jussit
2066 2084 2077 2118 :

370 2183 479 2216 non
515 2174 575 2216 ut
609 2163 832 2236 captivae
864 2181 1021 2236 opem
1052 2161 1239 2231 ferret,
1271 2161 1361 2215 sed
1392 2182 1457 2214 ne
1490 2160 1725 2235 effugere
1755 2162 2079 2236 captivitatis

372 2261 508 2316 mala
550 2274 762 2336 posset,
811 2282 929 2335 quae
975 2262 1056 2315 sui
1106 2260 1446 2315 aemulatione
1491 2261 1546 2313 in
1593 2260 1694 2313 hoc
1737 2261 2079 2335 potissimum

368 2381 599 2436 regnum
640 2360 929 2428 invaserit,
967 2360 1217 2433 hostique
1254 2359 1452 2412 sororis
1491 2358 1745 2412 nubendo
1781 2360 1990 2412 hostem
2025 2380 2078 2413 se

366 2460 481 2533 ejus
525 2459 776 2513 effecerit.
827 2461 965 2512 Tum
1011 2459 1326 2533 peregrinos
1373 2459 1635 2510 exercitus
1685 2458 1739 2510 in
1785 2459 2076 2511 certamina

365 2556 597 2612 fratrum
629 2557 915 2626 adductos,
947 2569 1061 2610 tum
1094 2556 1429 2631 repudiatam
1465 2577 1494 2610 a
1527 2555 1715 2626 fratre,
1745 2568 1931 2609 contra
1962 2576 2075 2609 ma-

366 2657 461 2709 tris
492 2655 828 2710 voluntatem
855 2668 1004 2709 extra
1031 2657 1324 2731 AEgyptum
1350 2668 1577 2730 nuptam
1607 2666 1838 2709 accusat.
1869 2657 2074 2709 Contra

370 2757 588 2829 Grypus
622 2774 805 2823 orare,
842 2778 865 2804 ι(
885 2774 951 2807 ne
986 2766 1096 2807 tam
1128 2753 1329 2806 foedum
1361 2752 1565 2807 facinus
1600 2753 1771 2807 facere
1802 2763 2025 2827 cogatur
2059 2773 2069 2804 :

367 2875 394 2906 a
434 2851 585 2906 nullo
624 2872 861 2926 unquam
902 2853 1170 2926 majorum
1207 2873 1429 2905 suorum
1468 2853 1608 2904 inter
1640 2863 1720 2904 tot
1756 2850 2071 2918 domestica,

373 2964 448 3006 tot
489 2963 708 3006 externa
749 2949 920 3019 bella,
960 2963 1082 3025 post
1117 2952 1401 3004 victoriam
1443 2952 1498 3002 in
1536 2949 1757 3003 feminas
1796 2948 2068 3017 saevitum,

369 3070 499 3123 quas
534 3070 688 3103 sexus
724 3051 837 3122 ipse
873 3062 923 3103 et
956 3047 1208 3124 periculis
1241 3048 1537 3117 bellorum,
1572 3059 1623 3101 et
1655 3048 1867 3101 saevitiae
1901 3049 2070 3101 victo-

370 3169 488 3200 rum
521 3150 721 3201 eximat
755 3168 764 3199 ε
802 3148 856 3200 in
884 3148 984 3201 hac
1019 3169 1170 3217 vero,
1207 3161 1400 3222 praeter
1435 3167 1719 3200 commune
1752 3144 2069 3200 bellantium

369 3246 474 3311 faS,
507 3245 755 3300 accedere
791 3246 1238 3299 necessitudinem
1273 3245 1549 3320 sanguinis
1586 3267 1596 3297 ε
1635 3247 1834 3320 quippe
1870 3246 2066 3319 ipsius,

369 3366 485 3417 quae
529 3357 632 3397 tam
676 3355 895 3397 cruente
935 3346 1143 3414 saeviat,
1189 3365 1425 3397 sororem
1467 3343 1712 3416 equidem
1760 3364 2064 3418 germanam
