2315 3868
437 372 495 416 86
1176 372 1409 417 JUSTINI

434 474 766 530 Arcessitum
799 473 1097 529 maximum
1131 475 1326 531 deinde
1359 497 1389 531 a
1421 477 1649 553 Cyrenis
1685 476 1886 548 filium,
1920 500 1988 534 ne
2018 502 2138 536 eum

435 572 787 628 Alexandrini
825 588 1014 630 contra
1054 597 1108 630 se
1144 597 1324 652 regem
1364 590 1639 648 crearent,
1676 579 1949 634 interficit.
1990 584 2143 637 Tunc

435 672 672 749 populus
706 685 908 729 statuas
938 687 993 729 et
1025 676 1288 751 imagines
1317 677 1431 751 ejus
1464 677 1713 732 detrahit.
1746 677 1913 749 Quod
1941 678 2140 734 factum

436 771 615 826 studio
639 774 838 828 sororis
863 775 1196 844 existimanS,
1221 773 1419 844 filium,
1442 796 1604 851 quem
1628 797 1692 831 ex
1720 797 1781 831 ea
1810 792 2143 853 susceperat,

437 871 722 942 interficit,
768 892 1075 947 corpusque
1119 873 1175 926 in
1221 874 1464 928 membra
1507 874 1768 942 divisum,
1813 887 1867 930 et
1914 877 1971 930 in
2013 877 2146 932 cista

435 972 829 1046 compositum,
866 972 1028 1025 matri
1067 971 1153 1026 die
1194 970 1362 1026 natali
1398 972 1513 1047 ejus
1552 973 1696 1027 inter
1735 973 1920 1048 epulas
1960 975 2145 1030 offerri

438 1082 608 1124 curat.
643 1072 780 1141 Quae
815 1090 898 1124 res
933 1091 1043 1124 non
1079 1071 1279 1146 reginae
1314 1083 1562 1141 tantum,
1597 1091 1786 1125 verum
1824 1074 1987 1127 etiam
2021 1076 2145 1129 uni-

438 1187 600 1222 versae
635 1169 841 1222 civitati
882 1170 1074 1223 acerba
1116 1181 1169 1223 et
1208 1168 1455 1223 luctuosa
1491 1167 1625 1237 fuit;
1668 1181 1988 1246 tantumque
2019 1192 2148 1226 moe-

438 1287 616 1321 rorem
648 1267 990 1322 festivissimo
1025 1269 1277 1322 convivio
1318 1265 1535 1337 intulit,
1573 1279 1634 1321 ut
1673 1269 1819 1343 regia
1858 1270 2032 1324 omnis
2069 1291 2150 1324 re-

440 1367 665 1440 pentino
708 1365 862 1420 luctu
906 1367 1306 1421 incenderetur.
1353 1369 1526 1422 Verso
1569 1367 1737 1442 igitur
1775 1367 1954 1422 studio
1996 1369 2147 1443 prin-

441 1465 622 1539 cipum
664 1466 731 1519 ab
773 1464 944 1539 epulis
985 1467 1039 1518 in
1087 1467 1392 1539 exsequias,
1437 1465 1680 1518 membra
1724 1464 1899 1520 lacera
1946 1466 2150 1542 populo

441 1561 766 1629 ostendunt,
807 1575 860 1616 et
905 1563 1034 1636 quid
1080 1583 1296 1636 sperare
1338 1562 1403 1615 de
1445 1582 1569 1637 rege
1613 1583 1710 1616 suo
1751 1563 2012 1633 debeant,
2053 1564 2150 1620 filii

442 1659 583 1712 caede
611 1658 1000 1714 demonstrant.

522 1759 615 1811 IX.
659 1758 840 1812 Finito
879 1758 1030 1813 luctu
1069 1760 1345 1829 orbitatiS,
1388 1759 1712 1835 Cleopatra,
1753 1781 1924 1834 quum
1965 1762 2145 1836 urgeri

445 1877 499 1910 se
543 1856 784 1910 fraterno
824 1855 966 1910 bello
1011 1857 1242 1926 videret,
1291 1856 1553 1912 auxilium
1597 1879 1624 1911 a
1669 1860 1981 1928 Demetrio,
2026 1879 2149 1934 rege

446 1956 632 2028 Syriae,
666 1975 762 2028 per
794 1953 997 2030 legatos
1030 1957 1168 2030 petit
1203 1978 1212 2009 :
1251 1959 1405 2031 cujus
1439 1958 1605 2031 ipsius
1637 1957 1769 2010 varii
1801 1968 1853 2010 et
1883 1977 2148 2011 memora-

445 2051 577 2106 biles
612 2073 765 2106 casus
802 2053 967 2107 fuere.
1000 2057 1253 2129 Namque
1284 2055 1621 2125 DemetriUS,
1655 2065 1716 2108 ut
1751 2075 1914 2129 supra
1943 2054 2150 2109 dictum

447 2162 554 2220 est,
592 2171 760 2225 quum
791 2150 993 2206 bellum
1025 2153 1238 2207 Parthis
1272 2152 1564 2223 intulisset,
1597 2165 1647 2206 et
1682 2152 1863 2207 multis
1896 2173 2149 2228 congres-

450 2250 688 2303 sionibus
733 2252 908 2305 victor
951 2251 1167 2321 fuisset,
1208 2265 1428 2326 repente
1471 2252 1678 2306 insidiis
1715 2253 2149 2322 circumventus,

451 2349 643 2402 amisso
674 2350 937 2418 exercitii,
971 2351 1199 2423 capitur,
1233 2351 1334 2404 Cui
1364 2350 1645 2404 Arsacides
1673 2350 2001 2404 Parthorum
2030 2371 2151 2416 rex,

450 2466 647 2521 magno
675 2460 728 2500 et
756 2449 902 2522 regio
927 2448 1132 2514 animo,
1159 2449 1320 2502 misso
1344 2449 1398 2501 in
1426 2450 1775 2523 Hyrcaniam,
1805 2469 1915 2503 non
1944 2447 2147 2502 cultum

454 2555 663 2597 tantum
698 2547 905 2620 regium
941 2547 1210 2620 praestitit3
1247 2546 1338 2599 sed
1373 2557 1425 2599 et
1453 2545 1616 2600 filiam
1652 2549 1706 2600 in
1745 2547 2151 2599 matrimonium

454 2640 626 2708 dedit,
658 2663 992 2717 regnumque
1024 2645 1212 2718 Syriae,
1246 2643 1389 2718 quod
1419 2665 1513 2719 per
1545 2645 1841 2698 absentiam
1874 2644 1987 2717 ejus
2020 2646 2153 2717 Try-

455 2739 562 2812 pho
609 2754 999 2815 occupaverat,
1049 2743 1426 2796 restituturum
1480 2744 1762 2817 promittit.
1811 2745 1942 2795 Post
1991 2742 2152 2815 hujus

456 2850 683 2890 mortem
719 2838 1000 2913 desperato
1035 2840 1248 2905 reditu,
1284 2861 1391 2894 non
1429 2841 1603 2894 ferens
1641 2841 2010 2913 captivitatem
2044 2842 2153 2893 De-

457 2936 711 3002 metrius,
759 2938 1055 3010 privatam,
1104 2940 1203 2991 etsi
1252 2938 1594 3013 opulentam,
1649 2939 1814 2989 vitam
1866 2949 2152 3011 pertaesus,

457 3034 652 3086 tacitus
704 3035 758 3086 in
808 3056 1037 3109 regnum
1088 3035 1270 3109 fugam
1318 3036 1623 3090 meditatur.
1674 3038 1936 3088 Hortator
1981 3035 2056 3088 illi
2103 3048 2154 3088 et

459 3151 634 3184 comes
667 3131 1032 3186 Callimander
1068 3134 1268 3187 amicus
1307 3146 1421 3186 erat
1458 3155 1467 3186 :
1504 3134 1594 3206 qui
1631 3145 1751 3207 post
1787 3135 2152 3207 captivitatem

461 3230 571 3300 ejus
605 3251 635 3282 a
668 3233 817 3304 Syria
853 3252 946 3304 per
982 3232 1191 3286 Arabiae
1226 3232 1457 3297 deserta,
1493 3230 1718 3285 (lucibus
1750 3232 1980 3306 pecunia
2010 3252 2154 3284 com-

463 3330 691 3397 paratiS,
742 3331 985 3403 parthico
1040 3330 1229 3383 habitu
1278 3329 1602 3403 Babylonem
1664 3343 1996 3403 pervenerat.
2051 3328 2151 3382 Sed
