2315 3868
511 246 949 291 HISTORIARUM
982 251 1091 291 LIB.
1127 250 1392 294 XXXVIII.
1750 253 1800 299 81

96 354 216 405 vius
268 351 453 404 vicinae
492 348 661 403 Italiae
710 348 886 417 bello,
932 370 1093 422 quam
1144 351 1451 407 domesticis
1499 357 1805 431 principum

96 449 422 504 factionibus
456 448 648 502 urbem
682 448 887 520 premi,
921 445 1205 522 multoque
1239 450 1599 522 periculosius
1634 476 1810 510 acces-

96 549 223 603 sisse
258 546 451 602 Italico
491 545 647 600 civile
687 543 908 599 bellum.
949 545 1123 600 Simul
1167 559 1221 601 et
1258 568 1288 601 a
1329 550 1623 607 Germania
1663 556 1812 609 Cim-

97 649 250 717 bros,
294 648 558 700 immensa
601 642 769 698 millia
811 644 1050 700 ferorum
1094 658 1257 721 atque
1299 648 1591 704 immitium
1634 673 1805 728 popu-

97 746 308 814 lorum,
349 764 500 798 more
540 741 793 819 procellae
832 742 1123 799 inundasse
1164 746 1377 801 Italiam
1416 769 1425 801 :
1462 770 1696 823 quorum
1735 765 1814 806 ta-

96 846 251 900 metsi
283 842 496 919 singula
525 841 667 898 bella
703 844 969 900 sustinere
1002 847 1236 900 Romani
1267 860 1510 922 possent,
1548 850 1815 907 universis

97 958 280 999 tamen
326 943 661 1013 obruantur,
706 959 765 998 ut
811 965 878 998 ne
924 957 1212 1000 vacaturos
1261 947 1482 1022 quidem
1527 948 1671 1004 bello
1718 972 1816 1006 suo

94 1057 263 1120 putet.

174 1149 240 1201 V.
287 1144 615 1201 «Utendum
660 1146 825 1220 igitur
874 1148 1189 1217 occasione,
1234 1160 1289 1202 et
1332 1151 1591 1225 rapienda
1644 1154 1816 1207 incre-

95 1258 277 1301 menta
318 1247 553 1313 virium,
598 1265 700 1313 ne,
749 1246 791 1297 si
837 1243 940 1298 illis
982 1248 1260 1321 occupatis
1308 1250 1647 1322 quieverint,
1691 1272 1817 1306 mox

94 1345 352 1398 adversus
393 1362 592 1397 vacuos
635 1355 688 1397 et
729 1343 972 1418 quietOS,
1019 1345 1194 1420 majus
1236 1349 1516 1423 negotium
1563 1350 1814 1406 habeant.

93 1446 222 1498 Non
250 1444 396 1497 enim
426 1444 620 1517 quaeri,
647 1463 717 1496 an
744 1442 1008 1517 capienda
1039 1445 1147 1498 sint
1173 1465 1347 1516 arma,
1381 1447 1474 1501 sed
1505 1460 1692 1504 utrum
1724 1472 1818 1505 sua

94 1544 275 1617 potius
304 1542 612 1610 occasione,
645 1562 713 1595 an
748 1539 986 1596 illorum.
1021 1544 1162 1598 Nam
1194 1543 1399 1599 bellum
1429 1548 1678 1622 equidem
1705 1551 1816 1624 jam

95 1656 224 1697 tunc
270 1663 452 1696 secum
499 1642 565 1695 ab
612 1639 714 1695 illis
758 1643 873 1718 geri
924 1654 1190 1718 coeptum,
1236 1665 1406 1718 quum
1458 1647 1557 1700 sibi
1606 1648 1818 1723 pupillo

95 1744 354 1817 majorem
377 1741 669 1816 Phrygiam
691 1740 1020 1812 ademerint,
1048 1763 1214 1817 quam
1240 1744 1382 1817 patri
1409 1766 1507 1799 suo
1534 1750 1816 1820 praemium

93 1842 202 1896 dati
235 1841 493 1895 adversus
526 1840 899 1894 Aristonicum
934 1838 1119 1894 auxilii
1153 1857 1563 1915 concesserant,
1601 1860 1816 1922 gentem

92 1962 257 2016 quam
295 1952 348 1994 et
384 1959 590 2015 proavo
637 1959 735 1993 suo
778 1939 1088 1994 Mithridati
1128 1940 1384 1996 Seleucus
1425 1943 1724 2000 Callinicus
1765 1949 1818 2001 in

93 2040 277 2095 dotem
320 2038 566 2093 dedisset.
610 2037 790 2110 Quid,
833 2059 1002 2112 quum
1046 2038 1422 2116 Paphlagonia
1462 2064 1515 2097 se
1556 2044 1819 2101 decedere

90 2140 386 2213 jusserint,
433 2158 545 2192 non
595 2136 825 2192 alterum
873 2136 1009 2192 illud
1060 2160 1230 2214 genus
1278 2140 1407 2195 belli
1453 2142 1654 2198 fuisse?
1698 2166 1817 2219 quae

96 2260 206 2294 non
241 2240 320 2307 vi,
358 2260 467 2293 non
498 2240 686 2307 armiS,
720 2237 813 2292 sed
846 2237 1141 2313 adoptione
1173 2244 1506 2312 testamenti,
1537 2255 1591 2297 et
1624 2265 1817 2320 regum

96 2338 520 2392 domesticorum
543 2338 795 2405 interitU,
820 2337 1147 2392 hereditaria
1174 2341 1316 2414 patri
1344 2361 1441 2395 suo
1467 2342 1773 2401 obvenisset
1803 2368 1815 2400 :

95 2458 268 2512 quum
313 2438 454 2490 inter
496 2436 638 2490 hanc
680 2434 1026 2490 decretorum
1071 2439 1491 2495 amaritudinem
1537 2444 1817 2517 parendO,

95 2558 206 2591 non
240 2549 422 2589 tamen
461 2556 550 2590 eos
591 2536 878 2611 mitigarit,
914 2537 1047 2610 quin
1094 2538 1339 2593 acerbius
1379 2561 1434 2594 se
1475 2541 1530 2595 in
1574 2541 1686 2598 dies
1726 2565 1817 2620 ge-

95 2649 243 2706 rant,
270 2657 381 2690 non
408 2635 722 2689 obtinuisse.
750 2635 918 2706 Quod
943 2637 1087 2690 enim
1118 2658 1149 2691 a
1175 2658 1231 2692 se
1255 2659 1368 2693 non
1392 2642 1684 2714 praebitum
1710 2642 1815 2698 illis

95 2735 451 2811 obsequium?
481 2756 592 2789 non
625 2736 919 2810 Phrygiam
954 2735 1494 2814 Paphlagoniamque
1533 2742 1780 2800 dimissas
1800 2790 1814 2816 ,

97 2855 207 2888 non
253 2835 601 2910 Cappadocia
646 2833 818 2889 filium
862 2836 1147 2903 eductum,
1194 2858 1358 2912 quam
1394 2838 1518 2912 jure
1564 2845 1812 2916 gentium

97 2935 270 2988 victor
308 2936 710 3011 occupavisset?
743 2941 975 3011 Raptam
1016 2950 1196 2993 tamen
1241 2939 1342 2992 sibi
1378 2959 1490 2994 esse
1529 2943 1810 3000 victoriam

96 3033 209 3107 ejus
240 3034 306 3086 ab
338 3033 467 3103 illis,
501 3057 738 3110 quorum
768 3036 904 3090 nihil
935 3038 1004 3091 sit
1034 3038 1138 3093 nisi
1166 3038 1310 3094 bello
1339 3042 1643 3115 quaesitum.
1681 3046 1809 3100 Non

97 3152 278 3206 regem
306 3133 573 3206 Bithyniae
599 3136 892 3206 Chreston,
924 3137 979 3191 in
1009 3159 1169 3212 quem
1198 3154 1416 3196 senatus
1444 3163 1595 3198 arma
1623 3143 1808 3198 decre-

99 3232 290 3300 visset,
325 3252 355 3284 a
391 3253 444 3285 se
477 3234 532 3286 in
571 3236 799 3309 gratiam
833 3235 1053 3291 illorum
1087 3240 1365 3296 occisum?
1395 3254 1577 3295 tamen
1612 3241 1809 3297 nihilo-

341 3351 399 3384 11.
1534 3339 1569 3393 (j
