2315 3868
438 348 525 391 126
1007 347 1190 390 NOTAE
1225 347 1290 389 IN
1330 347 1566 390 JUSTINI

431 451 533 509 qui,
566 450 708 492 instar
741 449 895 503 bovis,
927 458 1124 507 quatuor
1148 449 1342 507 pedibus
1380 449 1615 492 incessisse
1644 450 1911 505 creduntur;
1944 451 2064 495 unde
2093 460 2138 495 et

430 526 641 569 Britanni
667 540 744 567 seu
780 524 913 567 Bruti
941 526 1160 579 cultores3
1189 526 1310 568 unde
1336 534 1380 568 et
1402 525 1649 578 Arthurus,
1678 539 1757 568 rex
1781 525 2027 584 mythicus,
2052 541 2138 584 pro

428 605 667 653 Arcturus,
695 601 821 644 idem
857 601 935 659 qui
958 601 1305 660 Arctophylax,
1341 616 1453 643 ursae
1498 609 1671 656 custos,
1705 601 1781 645 vel
1818 602 2006 654 Bootes,
2046 601 2139 643 bu-

428 678 611 731 bulcus,
640 677 762 720 unde
787 686 831 720 et
865 678 1036 719 Sancta
1075 678 1239 720 Ursula
1270 693 1325 720 ex
1357 677 1592 721 Britannia
1625 676 1817 732 arctica,
1848 677 1898 720 id
1932 685 1999 720 est
2034 692 2141 719 ursa

429 754 625 806 minore,
653 753 848 796 oriunda
864 770 875 807 3
894 753 1008 795 sicut
1031 753 1255 810 superbus
1278 768 1361 795 rex
1383 753 1839 807 Nabuchodonosor,
1869 752 1947 811 qui
1970 767 2022 795 ex
2052 752 2139 796 ho-

427 828 628 872 minibus
663 829 888 885 abjectus,
920 843 1022 870 cum
1051 827 1209 870 bestiis
1245 837 1284 870 et
1322 828 1427 871 feris
1450 838 1624 886 septem
1649 845 1794 872 annos
1820 828 2072 883 habitavit,
2098 837 2142 871 et

427 904 601 948 foenum
635 914 686 947 ut
723 906 802 947 bor
836 902 1049 946 comedit.
1079 905 1223 956 Dmm,
1264 918 1330 956 1v,
1372 904 1445 946 28.
1476 905 1578 958 Qua
1601 904 1855 961 ignominia
1886 905 1948 948 ob
1972 905 2142 947 cultum

427 981 561 1023 bovis
584 983 717 1023 Lucae
735 979 883 1022 notati
904 988 1010 1021 sunt
1025 978 1194 1031 Brutii,
1212 993 1310 1021 non
1327 987 1478 1021 autem
1491 1012 1502 1032 ,
1527 988 1576 1022 ut
1593 979 1760 1023 dicitur
1773 1013 1785 1034 ,
1804 980 1930 1038 quod
1954 980 2144 1024 secundi

429 1056 586 1113 punici
603 1056 715 1098 belli
738 1064 947 1113 tempore
973 1054 1031 1096 ad
1054 1054 1329 1097 Annibalem
1358 1054 1670 1097 descivissent.
1689 1055 1804 1098 Inde
1828 1056 1925 1099 sine
1941 1057 2142 1110 honore,

430 1130 526 1173 sine
552 1130 775 1189 dignitate
801 1129 949 1173 habiti
973 1139 1100 1183 sunt,
1131 1130 1190 1173 ad
1221 1130 1405 1173 servilia
1429 1139 1605 1174 tanturn
1637 1146 1776 1188 opera
1794 1139 1838 1173 et
1853 1131 2020 1175 viliora
2035 1148 2142 1174 mu-

428 1206 503 1250 nia
519 1206 881 1263 soliticompelli.
897 1205 1014 1249 Inde
1030 1207 1268 1248 Bruttiani
1281 1215 1324 1249 et
1339 1206 1590 1259 Bruttiarc'i,
1612 1222 1637 1248 a
1654 1206 1845 1258 Bratiis,
1863 1207 1976 1249 olim
1988 1209 2142 1249 Luca-

428 1298 583 1326 norum
596 1298 674 1325 seu
690 1282 823 1324 bovis
836 1283 974 1324 Lucoe
988 1282 1128 1324 servis
1139 1315 1150 1336 ,
1165 1281 1279 1327 dicti
1291 1291 1396 1324 sunt
1412 1283 1572 1325 Romae
1587 1281 1665 1340 qui
1681 1280 1834 1325 officia
1850 1283 2031 1326 servilia
2048 1298 2146 1325 ma-

428 1358 690 1416 gistratibus
703 1357 992 1415 praestabant.
1010 1365 1210 1420 Βροὺττιοι
1226 1357 1526 1400 nominantur
1541 1358 1811 1412 Ptolemaeo,
1828 1371 1877 1420 Βρ
1885 1367 2000 1406 έντιοι
2016 1360 2144 1402 Stra-

428 1433 597 1476 boniet
609 1433 848 1476 Eustathio
859 1466 871 1486 ,
881 1433 929 1474 in
938 1433 1124 1487 Dionys.
1130 1448 1147 1484 ;
1165 1434 1323 1475 Brettii
1335 1433 1383 1474 in
1394 1432 1743 1475 numismatibus
1754 1449 1766 1487 3
1784 1434 2005 1476 Brutates
2021 1434 2145 1492 apud

428 1510 622 1552 Festum.
647 1510 752 1565 Ipsa
775 1507 927 1565 regio,
947 1523 1045 1564 quae
1072 1507 1293 1549 Calabria
1317 1506 1510 1563 inferior
1521 1507 1684 1561 hodie,
1700 1508 1917 1565 Polybio,
1940 1525 2002 1563 11,
2031 1521 2146 1571 Βρετ-

427 1591 569 1636 τανίας
587 1582 830 1636 Straboni,
852 1582 932 1624 lib.
951 1597 1027 1636 VI,
1050 1589 1249 1644 Βρηττία,
1271 1582 1550 1624 nominatur.
1570 1582 1652 1624 His
1676 1582 1862 1640 populis
1889 1583 2031 1641 igitur
2053 1584 2146 1627 duo

428 1657 619 1701 nomina
652 1666 803 1711 erant,
835 1657 988 1699 Bratc‘c'
1021 1665 1065 1700 et
1103 1665 1297 1719 Βρέντιοι,
1326 1657 1523 1699 alterum
1557 1657 1782 1700 Romanis
1803 1672 1829 1701 a
1857 1659 1980 1702 cultu
2011 1659 2145 1702 bovis

428 1736 566 1776 Lucoe
588 1734 860 1788 deductum,
878 1735 1071 1776 alterum
1097 1732 1265 1776 Graecis
1291 1749 1316 1776 a
1334 1733 1593 1776 defectione
1617 1750 1640 1776 a
1664 1735 1871 1778 Lucanis.
1908 1735 1961 1778 V.
1986 1750 2145 1793 supra,

429 1819 523 1852 not.
558 1812 792 1861 Lucanos,
812 1825 939 1851 XXIII
958 1842 969 1861 ,
999 1825 1016 1850 1
1041 1842 1052 1863 ,
1077 1817 1121 1851 et
1138 1810 1359 1863 Bruttios,
1393 1825 1493 1863 ΧΠ,
1524 1825 1549 1852 2
1570 1843 1581 1862 ,
1612 1818 1657 1853 et
1687 1809 1804 1852 infra
1826 1844 1838 1864 ,
1872 1825 2044 1865 xxxvi,
2076 1827 2116 1854 2.

495 1888 597 1929 CAP.
628 1887 690 1929 ΙΙ.
725 1887 765 1928 T
764 1901 976 1927 exenam.
995 1886 1126 1927 Unus
1150 1901 1254 1928 mss.
1294 1885 1597 1928 leeonexam
1613 1918 1628 1938 ,
1659 1894 1781 1929 certe
1803 1887 2044 1931 metathesi
2059 1902 2146 1945 pro

438 1963 755 2014 Theoxenam,
790 1977 816 2004 a
838 1969 938 2017 θεός,
966 1961 1098 2016 deus,
1128 1970 1171 2003 et
1199 1962 1524 2019 Es'v0;‚hospes,
1561 1961 1745 2019 hospita
1788 1962 2004 2017 deorum,
2033 1963 2149 2006 sicut

430 2039 636 2092 Martha,
661 2038 830 2080 Christi
856 2037 1064 2094 hospita,
1096 2037 1228 2079 dicta.
1265 2038 1389 2095 Ergo
1417 2038 1742 2095 reponendum
1782 2038 2096 2082 leeoxenam.

495 2115 598 2157 CAP.
625 2115 703 2156 IV.
734 2114 886 2155 Hiero.
913 2113 1167 2155 Historiola
1192 2114 1289 2156 haec
1320 2114 1531 2156 Hieronis
1558 2112 1644 2156 filii
1667 2115 1923 2172 Hz'eroclyti
1940 2116 2014 2157 vel
2038 2116 2148 2157 Hie-

431 2192 565 2236 melis
581 2223 596 2243 ,
623 2189 687 2232 ita
716 2189 839 2232 enim
868 2189 981 2246 legit
1010 2189 1278 2243 Pausanias,
1308 2189 1387 2231 lib.
1411 2205 1459 2231 VI
1475 2223 1486 2243 ,
1510 2204 1638 2232 mera
1659 2189 1815 2233 fabula
1842 2198 1910 2233 est
1932 2190 2145 2248 mythica.

431 2268 517 2312 Hic
547 2265 691 2309 Hiero
716 2281 815 2308 non
847 2273 913 2307 est
940 2265 1079 2322 igitur
1108 2274 1369 2322 postremus
1395 2280 1479 2307 rex
1504 2266 1810 2323 Syracusanus
1835 2265 1913 2323 qui
1940 2266 2148 2309 celebra-

432 2355 504 2387 tur
535 2360 561 2387 a
588 2341 857 2395 Theocrito,
895 2340 944 2382 in
991 2340 1153 2398 idyllio
1199 2340 1278 2394 16,
1315 2340 1396 2383 sed
1427 2340 1571 2383 Hiero
1603 2341 1837 2399 antiquior
1879 2341 1979 2396 ille,
2013 2358 2149 2400 quem

432 2422 589 2465 laudat
609 2418 834 2463 Pindarus
859 2416 907 2458 in
931 2415 1077 2473 prima
1103 2416 1450 2474 Olympiorum,
1483 2417 1544 2458 ob
1575 2416 1790 2459 victorias
1817 2433 1926 2475 quas
1957 2418 2006 2460 in
2029 2418 2149 2461 ludis

432 2496 685 2557 Olympicis
717 2503 762 2537 et
793 2492 993 2551 Pythicis
1028 2500 1359 2548 reportaverat.
1396 2492 1534 2534 Hiero
1562 2492 1622 2535 ab
1651 2500 1765 2555 ἱερός,
1796 2508 1948 2548 sacer,
1984 2494 2148 2536 Hiero-

434 2575 577 2630 clytas
601 2572 659 2614 ab
677 2570 837 2613 eadem
853 2582 966 2610 voce
985 2576 1029 2609 et
1052 2575 1207 2623 κλυτός,
1230 2567 1450 2625 inclytus,
1476 2568 1708 2610 Hierocles
1725 2583 1838 2611 vero
1855 2584 1880 2612 a
1896 2577 2004 2622 κλέος
2017 2608 2027 2626 ,
2044 2570 2150 2626 glo-

433 2649 524 2703 ria,
548 2646 739 2690 nomina
757 2658 835 2687 sua
848 2642 998 2685 sortiti
1019 2650 1146 2696 sunt,
1169 2643 1280 2684 Gelo
1299 2641 1312 2701 ζ
1330 2657 1355 2685 a
1371 2650 1522 2704 γελοία),
1538 2643 1670 2686 rideo
1685 2677 1697 2697 ,
1719 2651 1858 2705 γέλως,
1880 2643 2046 2703 risus),
2063 2660 2147 2686 an-

437 2725 587 2781 tiquus
599 2721 761 2766 Siciliae
770 2728 988 2778 tyrannus
999 2752 1011 2773 ,
1022 2733 1046 2762 a
1062 2733 1152 2776 quo
1170 2717 1385 2761 Hieronis
1403 2717 1535 2777 origo
1549 2719 1786 2772 manabat,
1801 2719 1965 2762 Bacchi
1976 2733 2149 2777 cogno-

436 2815 540 2842 men
581 2806 698 2851 erat,
737 2795 908 2838 ridenti
949 2794 1061 2837 facie
1106 2793 1311 2852 praediti‚
1348 2794 1462 2837 sicut
1506 2795 1591 2837 bos
1626 2797 1751 2836 Luca
1785 2795 1983 2838 humana
2034 2795 2149 2841 facie

439 2876 611 2918 lucida.

504 2951 791 3008 Aruspc’cum.
826 2950 946 2989 Ante
984 2946 1292 2989 Pharsalicam
1323 2960 1526 3004 pugnam
1556 2961 1664 3004 apes
1702 2961 1788 2988 arae
1823 2946 2074 2990 insidentes
2105 2956 2149 2990 et

441 3027 485 3068 in
525 3026 721 3069 navibus
757 3030 1032 3080 conspectae,
1062 3021 1206 3064 Dioni
1243 3031 1285 3064 et
1320 3021 1542 3080 Pompeio
1575 3022 1760 3079 Magno*
1794 3021 1976 3065 cladem
2008 3023 2147 3080 paulo

440 3111 543 3159 post
575 3108 845 3158 sequentem
878 3106 1207 3155 praenotarunt.
1242 3098 1329 3140 Hic
1364 3112 1557 3155 regnum
1590 3096 1891 3154 portendunt.

507 3179 694 3219 Noctua.
732 3176 980 3227 Noctuam‚
1016 3174 1052 3216 si
1095 3176 1313 3228 volasset,
1345 3172 1588 3215 victoriam
1621 3173 1838 3217 nunciare
1875 3175 2149 3228 credebant,

441 3253 689 3309 eademque
723 3249 771 3291 in
804 3249 932 3291 hasta
962 3249 1124 3307 Pyrrhi
1158 3249 1276 3307 regis
1312 3257 1471 3290 contra
1502 3251 1648 3304 Argos
1684 3249 1831 3292 euntis
1864 3265 2004 3308 quum
2035 3266 2148 3293 con-

442 3327 650 3380 sedisset,
684 3326 825 3367 fatum
856 3323 922 3365 illi
958 3333 1000 3365 et
1034 3324 1277 3366 discrimen
1315 3332 1566 3365 extremum
1598 3325 1835 3380 portendit
1877 3334 1919 3369 et
1955 3326 2118 3368 attulit.
