2248 3697
429 291 484 339 ω,
1159 286 1394 330 JUSTINI

426 408 508 440 sas
535 385 962 459 circumspicere.
993 386 1132 456 Quae
1158 390 1256 441 etsi
1284 386 1418 442 falsa
1444 389 1694 441 nuntiata
1721 389 1971 458 fuissent,
1998 392 2142 466 apud

424 487 671 538 timentes
705 496 888 538 tamen
920 506 1019 560 pro
1054 488 1192 540 veris
1225 486 1582 541 habebantur.

502 585 569 637 II.
615 585 868 658 Denique
904 597 1120 639 senatus
1158 598 1304 639 metu
1341 584 1654 660 perculsus,
1689 586 1756 639 ad
1787 585 2141 661 speculandos

423 695 573 736 actus
626 683 912 737 Annibalis
933 727 945 749 ,
1001 683 1240 758 legatum
1291 686 1344 737 in
1398 685 1634 738 Africam
1687 688 1911 739 Cnaeum
1963 687 2142 739 Servi-

423 781 555 836 lium
591 783 762 836 mittit
799 803 809 835 :
848 784 1004 856 eique
1039 783 1215 836 tacitis
1247 782 1517 836 mandatis
1552 785 1824 858 praecipit,
1858 785 1898 837 si
1932 796 2142 859 posset,

422 902 545 935 eum
581 903 677 956 per
708 880 930 935 aemulos
967 881 1081 955 ejus
1116 880 1467 949 interficeret,
1497 894 1753 955 metuque
1780 884 1937 937 invisi
1966 886 2134 937 nomi-

422 981 504 1034 nis
547 980 766 1034 tandem
812 977 1081 1054 populum
1124 999 1411 1032 romanum
1452 977 1721 1032 liberaret.
1765 981 1870 1034 Sed
1908 1002 1991 1035 res
2032 985 2142 1036 An-

421 1078 653 1133 nibalem
688 1100 799 1132 non
837 1078 931 1132 diu
971 1077 1162 1147 latuit,
1202 1078 1380 1132 virum
1422 1078 1487 1131 ad
1531 1079 1911 1153 prospicienda
1949 1100 2142 1134 caven-

421 1178 595 1252 daque
621 1177 862 1253 pericula
888 1190 1167 1253 paratum3
1192 1198 1292 1231 nec
1315 1180 1496 1231 minus
1524 1179 1578 1231 in
1605 1177 1855 1232 secundis
1886 1180 2108 1235 adversa
2125 1224 2139 1251 ,

420 1298 582 1351 quam
613 1278 667 1330 in
698 1276 937 1330 adversis
971 1277 1206 1331 secunda
1238 1278 1585 1353 cogitantem.
1620 1279 1797 1352 Igitur
1827 1300 1996 1352 quum
2028 1291 2139 1333 tota

420 1378 503 1431 die
528 1379 580 1431 in
614 1375 784 1430 oculis
816 1378 1157 1452 principum,
1193 1375 1466 1451 legatique
1498 1378 1735 1444 romani,
1770 1378 1823 1429 in
1858 1377 1975 1431 foro
2009 1379 2139 1431 Car-

420 1477 844 1552 thaginiensium
884 1476 1203 1529 obversatus
1241 1476 1296 1527 in
1337 1494 1653 1549 supremum
1687 1475 1904 1541 fuisset,
1940 1496 2137 1550 appro-

419 1577 717 1650 pinquante
747 1597 994 1651 vespere,
1029 1596 1227 1650 equum
1263 1573 1605 1642 conscendit,
1636 1586 1687 1627 et
1714 1594 1804 1627 rus
1834 1574 2134 1641 urbanum,

416 1674 563 1748 quod
607 1688 831 1750 propter
875 1673 1002 1728 litus
1043 1675 1205 1727 maris
1247 1673 1513 1739 habebat,
1553 1673 1753 1748 ignaris
1794 1673 1990 1740 servis,
2021 1674 2135 1747 jus-

417 1775 593 1849 sisque
619 1774 686 1827 ad
714 1786 925 1849 portam
954 1785 1313 1827 revertentem
1340 1773 1603 1847 opperiri,
1632 1771 1929 1825 contendit.
1962 1773 2134 1825 Habe-

415 1873 505 1927 bat
533 1874 606 1926 ibi
637 1893 799 1927 naves
829 1894 953 1927 cum
986 1872 1280 1948 remigibus
1313 1870 1527 1925 occulto
1553 1871 1674 1923 sinu
1704 1869 1874 1924 litoris
1902 1870 2131 1924 abscon-

415 1972 578 2039 ditas;
607 1985 721 2026 erat
747 1985 799 2026 et
825 1971 1043 2048 grandis
1074 1972 1304 2046 pecunia
1340 1971 1394 2023 in
1425 1990 1487 2023 eo
1519 1991 1650 2045 agro
1683 1982 2012 2045 praeparata,
2043 1983 2129 2038 ut,

413 2093 579 2146 quum
613 2093 696 2125 res
728 2072 1013 2147 exegisset,
1044 2092 1142 2125 nec
1173 2068 1403 2124 facultas
1435 2069 1646 2145 fugam,
1676 2090 1775 2123 nec
1802 2069 1985 2144 inopia
2012 2090 2128 2122 mo-

410 2183 638 2225 raretur.
680 2174 844 2226 Lecta
886 2171 1055 2247 igitur
1094 2190 1373 2224 servorum
1405 2171 1724 2243 juventute,
1761 2189 1996 2242 quorum
2039 2190 2130 2221 co-

408 2271 554 2345 piam
597 2270 903 2325 italicorum
947 2271 1285 2344 captivorum
1329 2287 1589 2321 numerus
1633 2267 1894 2343 augebat,
1938 2288 2126 2320 navem

409 2369 755 2437 conscendit,
803 2389 1132 2443 cursumque
1172 2367 1239 2421 ad
1288 2368 1621 2421 Antiochum
1663 2367 1861 2442 dirigit.
1907 2369 2127 2421 Postera

408 2469 492 2522 die
524 2470 710 2522 civitas
742 2470 1041 2545 principem
1074 2489 1230 2521 suum
1250 2511 1262 2535 ,
1293 2488 1352 2520 ac
1382 2479 1498 2520 tum
1529 2467 1787 2541 temporis
1818 2464 2125 2535 consulem,

408 2567 461 2620 in
493 2568 612 2621 foro
643 2568 1006 2643 exspectabat.
1037 2569 1218 2638 Quem
1248 2579 1308 2620 ut
1337 2566 1643 2641 profectum
1672 2566 1984 2618 nuntiatum
2015 2578 2124 2634 est,

408 2688 517 2720 non
549 2666 703 2720 aliter
728 2688 889 2742 quam
920 2668 961 2720 si
993 2667 1122 2720 urbs
1153 2678 1313 2740 capta
1347 2677 1513 2733 esset,
1545 2685 1731 2718 omnes
1758 2665 2123 2739 trepidavere,

404 2767 794 2841 exitiosamque
852 2767 951 2820 sibi
1002 2766 1186 2841 fugam
1242 2766 1355 2840 ejus
1407 2765 1632 2818 ominati
1687 2776 1827 2816 sunt.
1887 2768 2123 2839 Legatus

404 2886 533 2920 vero
570 2888 855 2936 romanus,
892 2868 1046 2941 quasi
1081 2864 1282 2919 bellum
1320 2866 1430 2940 jam
1469 2863 1676 2917 illatum
1710 2861 1878 2915 Italiae
1912 2864 1977 2917 ab
2015 2867 2124 2917 An-

403 2965 579 3020 nibale
628 2978 797 3034 esset,
847 2968 1038 3019 tacitus
1087 2969 1316 3019 Romani
1362 2962 1697 3037 regreditur,
1743 2962 2122 3037 trepidumque

403 3066 657 3118 nuntium
692 3065 871 3118 refert.

480 3167 575 3218 ῙΠ.
626 3165 850 3217 Interim
888 3166 940 3217 in
980 3165 1190 3219 Graecia
1223 3162 1595 3228 Flamininus,
1623 3161 1815 3234 juncta
1849 3181 1970 3214 cum
2004 3163 2121 3234 qui-

401 3262 625 3316 busdam
667 3264 977 3317 civitatibus
1022 3264 1303 3330 socictate,
1344 3260 1614 3314 Nabidem
1658 3272 1945 3334 tyrannum
1990 3259 2119 3312 duo·-
