2315 3868
620 393 953 438 HISTORIAS
995 394 1390 440 PHILIPPICAS.
1772 412 1797 440 2
1811 414 1826 441 1
1841 399 1864 435 ’)»

218 488 526 547 Bosphorum.
560 508 578 527 «
604 488 693 532 Hic
725 488 875 546 agitur
909 488 967 532 de
1002 489 1210 533 faucibus
1237 491 1475 536 Cimmerii
1502 492 1607 537 freti
1637 491 1774 554 (quas
1791 494 1867 537 di-

147 573 257 607 cunt
281 564 582 610 Cimmerium
614 563 929 625 Bosporum),
955 581 1053 608 non
1089 565 1148 609 de
1183 569 1404 625 angustiis
1429 569 1532 612 freti
1564 571 1819 629 Byzantini.
1850 590 1868 608 »

1627 648 1798 691 Fumi.

212 718 317 761 CAp.
343 719 473 761 VIII.
503 717 693 762 Finiunt
719 716 794 760 hic
823 717 977 760 subito
1011 734 1083 762 res
1113 719 1398 764 Mithridatis
1425 738 1435 764 ε
1465 738 1516 765 ac
1540 738 1648 767 sane
1677 739 1773 766 non
1792 739 1868 766 so—

145 794 239 837 lum
270 794 593 852 Epitomator‚
638 793 720 837 sed
762 794 860 852 ipse
906 795 1087 853 Trogus
1126 811 1200 839 eas
1252 797 1328 840 hic
1367 797 1594 843 dimisisse
1639 800 1823 843 videtur
1861 816 1868 841 :

146 885 255 912 nam
292 885 392 927 quae
422 869 517 927 jam
557 879 835 928 sequuntur,
863 871 921 914 ab
955 871 1159 915 historiae
1189 888 1393 917 romanae
1426 876 1729 934 scriptoribus
1765 877 1870 932 plu-

144 945 276 988 ribus
305 944 402 1003 jam
435 955 541 990 ante
573 946 723 1004 ipsum
754 956 937 991 narrata
965 957 1108 991 erant.

212 1023 399 1065 Mortuo
426 1038 530 1082 rege
559 1024 829 1068 Ptolemoeo.
865 1026 900 1067 I.
942 1041 978 1067 e.
1013 1024 1351 1082 Philometore,
1388 1027 1434 1070 in
1463 1042 1614 1086 pugna
1652 1027 1870 1070 adversus

145 1100 329 1153 Bulam,
363 1115 489 1143 anno
521 1115 560 1145 a.
597 1100 646 1143 C.
680 1102 734 1144 N.
770 1107 882 1157 147,
916 1117 1052 1160 quem
1086 1101 1328 1146 constituit
1360 1105 1630 1147 Letronnius
1664 1104 1712 1147 in
1745 1103 1869 1147 libro

146 1175 468 1219 celeberrimo.

212 1254 493 1305 Ptolemaeo,
523 1268 613 1312 per
645 1256 842 1312 legatos.
877 1256 912 1297 I.
949 1270 987 1298 e.
1015 1256 1264 1298 Ptolemaeo
1299 1256 1525 1314 Physconi
1546 1293 1556 1313 ,
1588 1265 1637 1298 ut
1661 1255 1870 1310 videtur,

144 1330 214 1372 vel
246 1328 377 1372 fratri
408 1330 661 1387 Evergetae.

211 1406 268 1447 In
296 1405 527 1447 exsilium.
556 1405 613 1446 In
646 1403 846 1446 insulam
883 1404 1109 1463 Cyprum,
1136 1420 1174 1447 a.
1209 1403 1311 1449 132.

212 1480 395 1522 Filium.
429 1479 752 1537 Memphitem.

209 1556 313 1598 ΕΑΡ.
349 1556 435 1599 ΙΧ.
457 1556 724 1599 Arsacides.
760 1556 878 1599 Vide
906 1571 950 1614 p.
984 1555 1088 1600 138.

212 1631 378 1690 Supra.
412 1647 586 1686 xxxvl,
620 1648 720 1690 cap.
757 1648 794 1674 1.

211 1709 398 1752 Filiam.
443 1707 824 1766 Rhodogunam‚
865 1724 1003 1767 quam
1053 1709 1290 1769 Appianus
1338 1719 1493 1754 narrat
1534 1711 1622 1770 ipsi
1670 1729 1693 1755 a
1732 1713 1872 1757 fratre

143 1786 374 1829 Phrahate
403 1785 559 1828 datam
592 1800 703 1827 esse.

211 1863 322 1905 Post
343 1861 481 1915 hujus
506 1860 561 1920 (i.
582 1877 620 1904 e.
653 1861 945 1905 Mithridatis
976 1861 1142 1923 primi)
1173 1866 1429 1906 marceval.
1461 1880 1498 1908 e.
1522 1881 1560 1907 a.
1587 1866 1635 1908 C.
1664 1867 1719 1909 N.
1766 1866 1868 1912 136.

211 1936 719 1995 Antiochumfratrem.
752 1938 847 1993 Qui
879 1948 979 1981 erat
1002 1939 1160 1982 minor
1187 1949 1322 1995 natu,
1358 1941 1538 1984 Sidetes
1571 1940 1744 1998 dictus,
1776 1958 1869 1985 no—

145 2032 250 2060 vem
280 2015 412 2058 annis
442 2024 549 2073 post
577 2015 705 2073 prius
735 2015 962 2058 Demetrii
993 2016 1238 2074 imperium
1269 2031 1483 2075 regnans.

210 2094 315 2137 CAP.
342 2093 404 2135 X.
445 2092 613 2135 Secuta
637 2101 743 2134 sunt
771 2108 854 2135 ccc
878 2093 1027 2135 millia
1052 2095 1267 2136 lixarum.
1286 2093 1489 2148 Quidam
1520 2096 1652 2138 MSS.
1687 2097 1833 2139 solum
1860 2113 1869 2139 :

145 2169 299 2212 millia
327 2169 443 2221 lix„-
479 2168 674 2211 Orosius
700 2178 743 2211 et
767 2168 934 2211 Paulus
966 2168 1228 2223 Diaconus,
1261 2168 1340 2226 qui
1356 2169 1479 2213 hunc
1503 2170 1654 2214 locum
1686 2172 1868 2230 compi-

145 2247 539 2300 larunt,ducenta
557 2246 709 2287 millia
735 2246 849 2299 lix.,·
874 2245 955 2288 sed
983 2247 1210 2304 Excerpta
1237 2246 1445 2289 vaticana
1473 2247 1700 2302 Diodori,
1722 2264 1872 2307 nuper

144 2323 205 2366 ab
223 2323 402 2380 Angelo
428 2321 556 2364 Maio
581 2321 727 2375 edita,
762 2322 1012 2366 lectionem
1046 2321 1257 2377 firmant,
1286 2338 1459 2377 xxxw,
1489 2327 1511 2378 5
1544 2341 1572 2382 9
1603 2341 1612 2367 :
1646 2332 1871 2387 Τριάκοντα

147 2402 346 2461 μυριάδας
374 2406 441 2445 σὺν
475 2406 555 2452 τοῖς
585 2406 694 2452 ἐκτὸς
717 2411 786 2453 τῆς
819 2406 967 2454 τάξεως
999 2406 1309 2457 ἀνοιβεβῃκόσιν.

216 2475 493 2526 Advem'entz'
515 2474 762 2517 Antiocho.
790 2477 907 2519 Sunt
930 2477 974 2518 in
1005 2477 1091 2518 hac
1123 2475 1453 2533 expeditione,
1488 2476 1620 2519 annis
1656 2493 1695 2520 a.
1728 2479 1776 2521 C.
1812 2479 1866 2520 N.

155 2551 242 2595 132
277 2559 322 2594 et
357 2550 438 2593 131
472 2550 615 2605 facta,
641 2551 852 2609 quaedam
878 2568 977 2610 quae
1007 2552 1349 2595 dubitationem
1372 2552 1618 2595 admittant
1635 2586 1646 2607 ,
1668 2553 1868 2598 indicata

146 2645 172 2671 a
205 2628 455 2672 Froelichio
490 2628 539 2670 in
570 2629 835 2671 Annalibus
860 2629 1039 2687 Syriae,
1067 2645 1110 2687 p.
1147 2628 1206 2672 8ο
1232 2644 1359 2686 sqq.‚
1393 2637 1436 2671 et
1460 2629 1741 2684 Vaillantio,
1773 2636 1872 2674 An-

148 2705 287 2748 ualz‘b.
317 2705 677 2761 Arsacidarum,
706 2721 749 2763 p.
789 2704 846 2749 53
883 2722 984 2765 sqq.

218 2782 448 2824 Poem’tere
479 2782 662 2824 deinde.
696 2781 833 2824 Adde
862 2798 960 2840 quae
989 2782 1109 2824 infra
1143 2791 1411 2837 narrantur,
1439 2799 1570 2837 istu,
1596 2798 1631 2827 c.
1673 2798 1709 2825 1.

673 2937 742 2978 IN
780 2936 1057 2981 LIBRUM
1093 2937 1346 2980 XXXIX.

218 3072 448 3114 Incertum
478 3088 535 3115 ex
571 3073 828 3131 Phylarcho
864 3073 959 3115 haec
984 3081 1131 3115 sumta
1159 3074 1250 3116 sint
1275 3089 1333 3115 an
1368 3089 1425 3115 ex
1461 3074 1749 3133 Porphyrio,
1784 3089 1868 3117 cu-

146 3148 222 3204 jus
257 3158 472 3206 excerpta
502 3149 644 3192 habes
685 3150 809 3208 apud
836 3150 1088 3193 Eusebium
1116 3166 1174 3194 ex
1208 3151 1468 3194 armeniaca
1489 3152 1700 3195 versione
1718 3161 1870 3195 trans-

150 3224 307 3267 latum.
334 3224 538 3267 Justinus
555 3223 658 3267 finit
674 3227 863 3285 JEgypti
882 3226 1123 3269 historiam
1142 3242 1244 3270 cum
1270 3229 1518 3271 Ptolemaeo
1535 3229 1738 3271 Lathuro
1761 3244 1868 3286 rege

152 3309 193 3341 et
220 3299 305 3342 alia
330 3301 472 3343 multa
509 3300 676 3344 omisit.

217 3376 320 3417 CAP.
356 3377 389 3419 Ι.
421 3376 673 3435 Cleopatra
701 3392 843 3422 socru.
865 3379 984 3422 Redi
1018 3379 1076 3422 ad
1103 3395 1324 3433 xxxmn,
1358 3396 1394 3423 c.
1433 3396 1475 3437 9,
