2315 3868
372 368 458 422 154
941 368 1126 411 NOTAE
1164 368 1228 410 IN
1266 368 1510 412 JUSTINI

367 489 504 532 supra
528 486 684 514 sensus
706 470 932 513 humanos
957 471 1287 530 intelligentia,
1311 471 1440 516 furor
1471 482 1515 517 et
1548 470 1727 516 insania
1761 472 1948 528 dicitur,
1978 481 2090 516 teste

369 549 617 601 Cicerone,
650 547 708 589 de
743 547 970 600 Divitem„
1005 564 1046 603 1,
1083 546 1157 591 31.
1192 568 1210 587 »

430 624 634 666 Latinus.
678 623 875 666 Latinus
919 639 943 666 a
988 624 1127 666 Latio
1173 640 1346 668 nomen
1378 627 1571 670 sortitus
1604 635 1696 682 est,
1734 625 1935 684 ideoque
1964 625 2090 669 idem

365 708 430 743 est
461 714 512 742 ac
544 700 788 753 Saturnus,
826 699 931 757 qui,
966 700 1133 743 amisso
1166 702 1306 756 coelo,
1336 702 1465 745 venit
1493 703 1541 746 in
1575 704 1785 757 Latium,
1820 703 1882 746 sic
1917 701 2090 746 dictum

369 775 495 834 quod
527 775 594 818 ibi
628 777 849 819 latuisset.

430 851 535 895 CAP.
559 852 622 894 II.
649 852 843 895 Rheam.
859 854 901 894 A
926 849 1023 909 ῥέῃ,
1051 852 1195 895 Rhea.
1222 853 1397 896 Eadem
1435 863 1502 897 est
1524 855 1664 913 igitur
1682 871 1780 913 quae
1797 854 1957 907 Rhea,
1977 853 2093 897 Coeli

364 938 409 973 et
437 930 590 972 Terrae
625 926 746 982 filia,
781 927 966 971 Saturni
1011 943 1149 982 uxor,
1180 937 1328 972 mater
1358 930 1515 985 Jovis,
1549 931 1758 974 Plutonis
1789 940 1833 975 et
1866 929 2092 988 Neptuni,

365 1004 467 1048 aliis
483 1004 753 1048 nominibus
784 1004 976 1063 Cybele,
1001 1005 1118 1062 Ops,
1143 1005 1304 1059 Vesta,
1328 1007 1501 1064 Magna
1530 1007 1704 1060 Mater,
1728 1007 2022 1065 Dindymene
2047 1014 2092 1049 et

364 1079 668 1139 Berecynthia
695 1080 940 1138 appellata.
966 1080 1098 1123 Rhea
1131 1089 1282 1123 autem
1307 1080 1429 1124 dicta
1463 1081 1549 1124 fuit
1584 1097 1609 1124 a
1644 1090 1746 1144 ῥέω,
1777 1079 1893 1136 fluo,
1937 1080 1985 1123 id
2025 1088 2092 1124 est

364 1158 503 1212 lacte,
527 1163 576 1199 ut
593 1155 849 1198 Amalthaea
873 1155 1003 1198 Jovis
1029 1155 1213 1215 nutrix,
1231 1156 1449 1200 omnibus
1474 1157 1664 1216 opibus,
1689 1167 1739 1200 ut
1754 1158 1851 1215 Ops
1869 1165 1914 1200 et
1935 1157 2093 1199 Amal—

363 1234 478 1276 theae
506 1247 667 1276 cornu.
697 1233 872 1275 Vocata
899 1231 983 1274 fuit
1015 1241 1059 1275 et
1082 1233 1200 1286 Ilia,
1229 1233 1288 1276 ab
1316 1235 1483 1287 Ilium,
1519 1234 1629 1278 urbs
1654 1233 1861 1293 Phrygiae
1896 1232 2092 1276 Minoris

363 1310 437 1353 vel
453 1309 672 1365 Troadis,
705 1308 755 1352 id
787 1317 854 1351 est
885 1308 1101 1366 Trojana.
1135 1309 1253 1352 Inde
1276 1311 1497 1353 nonnulli
1515 1311 1707 1354 tradunt
1723 1310 1782 1353 ab
1804 1311 1951 1353 AEnea
1975 1309 2092 1352 Tro-

361 1386 498 1444 jano,
545 1394 622 1429 aut
671 1384 892 1428 suadente
937 1386 1078 1427 Rome
1108 1385 1419 1443 Trojanarum
1452 1386 1746 1430 nobilissima
1784 1386 2092 1444 captivarum,

362 1465 561 1506 Romam
592 1460 831 1505 conditam
865 1476 974 1503 esse.
1009 1460 1127 1504 Inde
1164 1461 1458 1504 simulacrum
1493 1461 1701 1520 Cybelis,
1733 1461 1893 1504 matris
1930 1461 2093 1517 deum,

362 1554 387 1582 a
421 1538 711 1591 Pessinunte,
757 1537 871 1579 urbe
921 1536 1151 1595 Phrygiae‚
1182 1537 1387 1579 Romani
1420 1537 1469 1578 in
1502 1538 1663 1580 urbem
1695 1536 2019 1592 adduxerunt,
2050 1546 2093 1579 et

361 1614 494 1672 hujus
519 1628 648 1657 sacra
671 1612 986 1657 faciebantrad
1004 1613 1252 1656 Almonem
1277 1611 1291 1673 ζ
1305 1628 1385 1656 560
1406 1613 1634 1656 nutricem
1654 1612 1691 1668 3,
1716 1611 1909 1655 fluvium
1932 1613 2092 1655 Romae

361 1691 583 1746 vicinum,
619 1689 786 1734 eodem
815 1689 907 1732 ritu
932 1704 1024 1747 quo
1053 1689 1175 1732 Galli
1209 1689 1471 1733 sacerdotes
1493 1689 1542 1732 in
1570 1690 1785 1749 Phrygia.
1813 1691 2023 1733 Lucanus
2050 1705 2059 1731 :

651 1799 699 1835 Et
719 1802 844 1834 totam
861 1808 979 1847 parvo
996 1802 1183 1833 revocant
1199 1795 1368 1833 Almone
1381 1795 1583 1847 Cybelem.

362 1907 583 1961 Ovidius,
619 1907 664 1949 in
695 1906 882 1949 Fastis:

651 2013 717 2049 Est
731 2010 835 2048 loeus
853 2009 894 2047 in
912 2008 1091 2047 Tiberim
1105 2022 1182 2060 quo
1201 2009 1370 2046 lubricus
1387 2007 1513 2046 influit
1527 2009 1671 2046 Almon
1688 2038 1698 2054 ,

708 2081 756 2117 Et
779 2092 923 2117 nomen
945 2092 1084 2130 magno
1109 2077 1238 2130 perdit
1258 2078 1299 2116 in
1324 2091 1436 2116 amne
1455 2077 1595 2117 minor.

655 2147 736 2187 Illic
756 2161 956 2200 purpurea
973 2160 1090 2186 canus
1110 2160 1198 2186 cum
1220 2155 1324 2186 veste
1343 2147 1518 2186 sacerdos

711 2217 890 2255 Almonis
912 2217 1109 2255 dominam
1133 2229 1318 2268 sacraque
1337 2216 1433 2254 lavit
1452 2215 1574 2267 aquis.

361 2326 479 2369 Inde
515 2326 720 2368 calendzs
760 2325 969 2376 martiis,
1006 2325 1166 2383 quibus
1206 2325 1399 2367 sunonis
1433 2321 1560 2383 (quae
1597 2323 1689 2365 alio
1725 2322 1918 2365 nomine
1952 2320 2089 2364 etiam

362 2402 525 2447 eadem
549 2402 635 2445 dea
668 2403 790 2462 erat)
826 2417 964 2445 sacru
995 2401 1346 2445 celebrabantur
1367 2416 1397 2442 α
1430 2401 1685 2452 Romanis,
1720 2400 1832 2457 quia
1866 2409 1966 2441 tunc
1999 2398 2088 2440 Ilia

361 2494 624 2537 compressa
657 2488 728 2521 est
758 2494 789 2520 a
832 2479 1020 2530 Marte,
1054 2493 1165 2519 nam
1196 2487 1301 2519 tunc
1342 2477 1638 2519 flIatronczlc'a
1671 2485 1799 2527 sunt,
1836 2475 1899 2516 ait
1940 2475 2090 2517 Scho-

360 2555 514 2599 liastes
548 2553 807 2609 Juvenalis,
843 2554 901 2597 ad
936 2562 1017 2596 sat.
1054 2569 1096 2612 9.
1135 2553 1347 2596 Tandem
1381 2562 1544 2596 vocata
1573 2568 1758 2611 quoque
1790 2551 1875 2594 fuit
1904 2552 2085 2609 Sylwz'u,

361 2630 620 2673 nimiruma
651 2632 750 2673 luco
778 2630 852 2672 vel
879 2632 1011 2687 sylva
1035 2629 1175 2671 Marti
1201 2644 1351 2683 sacra,
1374 2628 1423 2671 in
1448 2644 1536 2687 qua
1556 2662 1567 2682 ,
1597 2637 1646 2670 ut
1671 2628 1732 2672 ait
1761 2637 1942 2681 noster,
1971 2627 2088 2670 duos

363 2721 532 2764 pueros
565 2705 701 2748 enixa
737 2714 816 2748 est.

429 2783 633 2825 Nomina
641 2783 825 2840 pueris,
854 2782 991 2824 alteri
1013 2783 1156 2824 Remo
1175 2814 1189 2833 ,
1216 2783 1354 2825 alteri
1381 2783 1576 2825 Romulo
1593 2779 1747 2837 fuere.
1787 2781 1831 2820 V
1825 2781 1898 2821 ide
1929 2794 2086 2836 supra,

365 2874 581 2913 xxxvni,
611 2857 666 2912 6,
702 2859 933 2900 Pastor-es.

428 2935 531 2977 Cap,
556 2936 638 2977 III.
671 2935 819 2993 Reges
845 2933 1076 2976 lzasta.5....
1096 2933 1358 2988 habebant,
1385 2949 1501 2993 quas
1534 2934 1691 2978 Groeci
1709 2941 1888 2989 sceptra
1912 2932 2084 2974 dixere.

363 3013 456 3055 Has
482 3010 685 3054 Romani
721 3011 898 3068 quires,
937 3009 1099 3053 Sabini
1144 3026 1271 3053 cures
1306 3011 1553 3053 vocabant.
1583 3009 1704 3053 Hinc
1745 3008 1967 3064 Quirites,
2006 3023 2086 3050 seu

364 3088 551 3141 hastati,
581 3087 784 3129 Romani
809 3086 943 3140 dicti,
968 3096 1011 3129 et
1033 3088 1258 3129 Romulus
1297 3089 1512 3144 Quirinus
1539 3087 1614 3129 vel
1644 3086 1862 3127 hastatus.
1890 3105 1908 3123 «
1934 3085 2083 3141 Quiri-

367 3179 478 3216 nus,
510 3164 572 3206 ait
596 3165 777 3216 Festus,
811 3177 867 3204 ex
902 3163 988 3205 hac
1020 3178 1153 3205 causa
1184 3164 1407 3205 Romulus
1440 3171 1506 3205 est
1538 3162 1820 3219 appellatus,
1846 3162 1973 3219 quod
2002 3177 2084 3202 cu-

368 3241 456 3291 ris,
484 3240 531 3282 id
571 3248 636 3282 est
673 3240 829 3290 hasta,
871 3247 1137 3282 uteretur....
1175 3255 1201 3283 a
1240 3239 1346 3282 Curi
1378 3239 1462 3282 dea
1501 3238 1718 3280 videntur
1749 3253 1876 3280 (tures
1901 3237 2085 3281 Sabinae

367 3317 504 3356 hastae
529 3317 790 3372 appellatae,
817 3315 983 3373 quibus
1008 3331 1059 3358 ea
1085 3330 1197 3372 gens
1222 3316 1358 3358 armis
1383 3323 1478 3358 erat
1502 3323 1681 3372 potens.
1712 3335 1729 3352 »
1756 3316 1876 3358 Hinc
1901 3328 2084 3372 quoque

372 3392 508 3433 Cares
546 3392 655 3433 urbs
690 3392 969 3435 Sabinorum
990 3425 1000 3445 ,
1037 3400 1079 3434 et
1106 3392 1189 3433 dea
1232 3391 1394 3447 Quiris.
1428 3390 1545 3433 Hinc
1578 3390 1709 3434 divus
1743 3392 1929 3443 Paulus,
1959 3388 2082 3446 cujus
