2315 3868
641 319 1137 365 PHILIPPICARUM
1168 323 1373 366 Tfloei.
1784 324 1872 385 169

145 421 284 476 leuci
315 421 518 476 bellum
548 424 601 476 in
631 424 783 498 Syria
812 422 1070 476 adversus
1097 422 1466 480 Ptolemaeum.
1496 430 1633 482 Item
1663 430 1717 482 in
1745 431 1874 484 Asia

146 520 403 575 adversus
446 521 669 575 fratrem
717 541 878 574 suum
920 522 1205 576 Hieracem
1247 544 1258 576 :
1304 545 1414 598 quo
1462 526 1605 581 bello
1647 533 1873 605 Ancyrae

146 622 322 675 victus
348 633 425 675 est
450 641 478 674 a
505 619 693 675 Gallis.
717 622 903 694 thue
925 619 1096 690 Galli,
1121 624 1390 698 Pergamo
1415 626 1541 679 victi
1568 628 1633 680 ab
1658 628 1872 698 Attalo,

145 719 361 795 Zyelam
390 720 708 794 Bithynium
735 719 1051 775 occiderint.
1081 724 1158 776 Ut
1184 721 1508 778 Ptolemaeus
1538 746 1664 780 eum
1691 729 1874 784 denuo

149 832 371 894 captum
404 818 740 874 interfecerit
767 840 777 873 :
805 832 859 874 et
892 822 1231 896 Antigonum
1260 822 1448 879 Andro
1474 825 1667 900 proelio
1693 828 1873 883 navali

149 921 378 994 Oprona
416 918 612 972 vicerit
649 940 660 973 :
698 932 752 973 et
786 940 817 973 a
852 918 1119 975 Callinico
1156 921 1340 991 quUS,
1380 924 1437 977 in
1474 926 1874 1001 Mesopotamia

144 1019 449 1074 Antiochus
479 1019 829 1075 insidiantem
857 1020 959 1074 sibi
989 1020 1182 1096 effugit
1211 1023 1546 1079 Ariamnem.
1577 1028 1719 1080 Dein
1752 1048 1876 1102 pos-

146 1136 233 1176 tea
266 1123 518 1178 custodes
552 1124 892 1199 TryphoniS‚
932 1143 1042 1199 quo
1084 1142 1114 1177 a
1155 1123 1329 1180 Gallis
1370 1128 1580 1199 occiSO,
1617 1128 1876 1185 Seleucus

145 1243 366 1297 quoque
395 1223 566 1278 frater
593 1224 709 1298 ejus
741 1223 1058 1294 decesserit,
1088 1225 1462 1300 majoremque
1492 1227 1732 1284 filiorum
1761 1231 1877 1305 ejus

146 1323 443 1398 Apaturius
478 1321 756 1377 occiderit.

577 1492 931 1528 PROLOGUS
978 1494 1157 1530 LIBRI
1200 1496 1432 1531 XXVIII.

225 1614 436 1666 Octavo
480 1622 533 1663 et
578 1611 839 1665 vicesimo
878 1609 1156 1666 volumine
1196 1614 1553 1670 continentur
1587 1617 1701 1671 haec
1746 1639 1757 1671 :
1802 1621 1881 1673 Ut

145 1723 367 1765 mortuo
396 1730 522 1785 rege
546 1710 699 1784 Epiri
730 1709 1072 1779 Alexandr0‚
1099 1712 1454 1767 Laodamiam
1481 1716 1723 1791 Epirotae
1748 1720 1882 1772 occi-

145 1812 344 1868 derint.
396 1810 656 1884 Dictique
703 1810 758 1862 in
807 1830 1029 1864 excessu
1081 1814 1382 1867 Bastarnici
1432 1826 1631 1869 motus,
1688 1819 1766 1870 Ut
1817 1838 1881 1871 ex

146 1907 471 1963 Macedonia
499 1909 812 1963 Demetrius
842 1910 911 1963 sit
939 1930 969 1963 a
997 1909 1271 1967 Dardanis
1302 1911 1486 1983 fusus;
1518 1935 1629 1989 quo
1658 1928 1881 1971 mortuo

147 2009 375 2064 tutelam
405 2009 501 2064 filii
534 2010 650 2083 ejus
681 2007 922 2086 Philippi
953 2013 1189 2086 suscepit
1221 2013 1558 2089 Antigonus,
1589 2017 1683 2090 qui
1714 2017 1884 2071 Thes·-

148 2109 363 2180 saliam‚
392 2111 670 2179 Moesiam,
698 2109 1038 2164 Dardaniam
1067 2110 1298 2185 subjecit
1324 2133 1334 2166 ε
1363 2124 1416 2167 et
1441 2113 1642 2187 adjutis
1669 2116 1883 2171 Achaeis

146 2221 343 2263 contra
386 2230 571 2286 regem
618 2212 953 2286 Spartanum
1001 2206 1387 2281 Cleomenem,
1436 2215 1581 2288 cepit
1627 2215 1882 2270 Lacedae-

150 2329 315 2362 mona
350 2329 361 2362 :
399 2311 707 2385 amissoque
740 2330 910 2386 regno
946 2310 1267 2366 Cleomenes
1299 2313 1599 2387 Spartanus
1634 2315 1884 2392 confugit

150 2407 566 2477 Alexandriam,
601 2422 766 2484 atque
797 2411 870 2464 ibi
904 2412 1126 2466 interiit.
1164 2411 1390 2466 Dictum
1424 2413 1479 2466 in
1515 2433 1734 2468 excessu
1769 2414 1883 2470 bel·

151 2507 266 2562 lum
302 2507 614 2583 Illyricum7
652 2509 801 2583 quod
833 2512 1067 2564 Romani
1104 2531 1311 2586 gessere
1349 2532 1473 2566 cum
1507 2515 1698 2568 Teuta.

617 2678 968 2715 PROLOGUS
1014 2681 1192 2715 LIBRI
1237 2681 1410 2716 XXIX.

234 2799 677 2853 Undetricesimo
705 2797 987 2852 volumine
1014 2800 1371 2854 continentur
1404 2801 1520 2855 haec
1549 2823 1558 2856 ε
1590 2806 1695 2857 Res
1726 2816 1887 2879 gestae

156 2895 395 2972 Philippi
436 2899 577 2973 regis
618 2897 877 2951 adversus
914 2898 1204 2952 Dardanos
1238 2911 1291 2952 et
1336 2899 1560 2954 AEtolos.
1595 2904 1888 2976 Repetitae-

159 3016 263 3068 que
288 2996 413 3049 inde
438 2997 667 3052 Creticae
692 2997 931 3072 origines
957 3019 967 3050 ;
998 2996 1126 3051 Post
1149 2998 1303 3073 cujus
1330 2998 1518 3053 insulae
1545 3002 1856 3055 societatem
1873 3046 1886 3071 ‚

158 3093 446 3170 Philippus
490 3115 614 3149 cum
656 3096 880 3172 Illyriis,
919 3109 973 3154 et
1014 3096 1319 3166 Dardanis,
1363 3110 1415 3151 et
1457 3119 1647 3154 rursus
1695 3101 1887 3156 AEtolis

158 3191 301 3247 bello
323 3213 647 3268 congressus
671 3208 775 3265 est,
803 3195 1191 3270 adjuvantibus
1218 3195 1426 3251 AEtolos
1452 3201 1730 3254 Romanis.
1760 3202 1887 3271 Quo

160 3291 340 3360 finito,
370 3291 556 3345 intulit
587 3291 778 3347 AEtolis
805 3293 1026 3348 bellum.
