2315 3868
602 315 1040 358 HISTORIARUM
1076 314 1186 355 LIB.
1224 315 1387 357 XLIII.
1757 329 1771 356 1
1790 312 1840 354 15

134 431 341 487 essent,
389 430 648 493 rogantur
694 418 853 471 etiam
903 417 1061 490 graeci
1108 416 1347 488 hospites
1400 418 1462 470 ad
1514 416 1840 470 convivium.

134 517 450 571 Introducta
479 515 672 570 deinde
699 516 877 590 virgo,
908 535 1077 588 quum
1097 514 1383 588 juberetur
1410 536 1439 568 a
1469 528 1620 589 patre
1647 536 1843 591 aquam

133 617 410 691 porrigere
431 618 500 685 ei,
515 635 674 688 quem
695 615 874 667 virum
895 613 1143 689 eligeret,
1169 624 1318 682 tune,
1342 613 1548 667 omissis
1571 615 1843 684 omnibUS,

131 715 198 769 ad
234 717 452 769 Graecos
485 734 773 783 conversa,
809 733 1005 787 aquam
1041 712 1193 767 Proti
1225 711 1460 787 porrigit
1496 733 1506 764 ε
1548 713 1640 785 qui
1672 713 1844 767 factus

131 837 193 869 ex
228 814 441 888 hospite
474 834 664 889 gener,
700 811 878 867 locum
913 812 1208 867 condendae
1241 811 1391 866 urbis
1423 832 1453 865 a
1485 831 1669 865 socero
1701 832 1847 866 acce-

132 914 227 988 pit.
277 913 513 968 Condita
561 915 729 988 igitur
778 911 1016 967 Massilia
1064 924 1143 965 est
1191 932 1363 986 prope
1411 911 1546 964 ostia
1595 909 1846 963 Rhodani

130 1014 336 1083 amnis,
361 1014 416 1066 in
450 1025 658 1067 remoto
690 1015 837 1081 sinu,
875 1011 1042 1065 veluti
1078 1013 1132 1065 in
1170 1010 1371 1087 angulo
1399 1011 1580 1064 maris.
1617 1009 1723 1064 Sed
1757 1012 1848 1063 Li-

130 1133 288 1188 gures
324 1113 671 1166 incrementis
700 1113 849 1166 urbis
880 1111 1209 1178 invidentes,
1236 1113 1457 1165 Graecos
1482 1109 1711 1164 assiduis
1739 1108 1852 1162 hel-

131 1212 194 1267 lis
227 1214 543 1289 fatigabant.
577 1214 691 1282 Qui
725 1211 965 1287 pericula
1003 1209 1376 1286 propulsando
1405 1211 1458 1262 in
1491 1222 1706 1263 tantum
1737 1210 1849 1262 eni-

131 1324 386 1381 ulerunt,
428 1324 519 1380 ut,
564 1311 717 1363 victis
764 1310 1048 1377 hostibus,
1088 1310 1144 1361 in
1193 1308 1420 1382 captivis
1464 1308 1609 1382 agris
1652 1306 1849 1360 multas

127 1411 366 1464 colonias
398 1411 812 1465 constituerent.

207 1512 302 1564 IV.
352 1511 436 1564 Ab
462 1510 546 1563 his
572 1510 740 1585 igitur
765 1507 937 1577 Galli,
964 1521 1016 1562 et
1042 1528 1200 1561 usum
1229 1507 1351 1560 vitae
1377 1505 1651 1575 cultioris,
1679 1505 1846 1580 depo-

130 1611 230 1663 sita
253 1621 307 1662 et
330 1607 699 1662 mansuefacta
722 1607 999 1675 barbaria,
1027 1618 1080 1659 et
1104 1625 1359 1680 agrorum
1387 1603 1589 1672 cultus,
1614 1616 1666 1657 et
1694 1604 1849 1658 urbes

129 1709 398 1763 moenibus
425 1709 641 1783 cingere
670 1705 993 1760 didicerunt.
1022 1706 1177 1758 Tunc
1206 1716 1260 1758 et
1287 1703 1520 1778 legibus,
1548 1724 1657 1756 non
1685 1703 1849 1756 armis

130 1809 336 1877 vivere,
367 1820 499 1861 tunc
524 1818 575 1859 et.
602 1807 765 1858 vitem
791 1815 1008 1879 putare,
1038 1816 1171 1856 tunc
1196 1800 1394 1856 olivam
1425 1822 1600 1855 serere
1630 1821 1850 1855 consue-

129 1918 323 1960 verunt
362 1928 372 1958 ε
411 1904 656 1979 adeoque
688 1924 919 1978 magnus
955 1915 1007 1956 et
1043 1902 1358 1956 hominibus
1395 1913 1449 1954 et
1483 1900 1646 1953 rebus
1679 1901 1851 1973 impo-

130 2008 262 2060 situs
302 2018 382 2060 est
422 2007 599 2072 nitor,
644 2016 700 2057 ut
743 2023 854 2056 non
893 2002 1107 2056 Graecia
1148 2002 1203 2054 in
1247 1999 1482 2055 Galliam
1525 2000 1847 2074 emigrasse,

130 2105 221 2160 sed
254 2104 432 2160 Gallia
465 2106 519 2158 in
551 2104 817 2159 Graeciam
850 2100 1110 2156 translata
1142 2099 1432 2153 videretur.
1467 2100 1694 2152 Mortuo
1724 2116 1850 2171 rege

128 2209 329 2261 Nanno
361 2205 839 2280 Segobrigiorum,
878 2223 908 2256 a
938 2222 1047 2277 quo
1080 2199 1232 2254 loeus
1266 2210 1520 2273 aceeptus
1554 2195 1849 2251 condendae

131 2306 280 2359 urbis
317 2305 526 2373 fuerat,
564 2325 735 2378 quum
775 2323 943 2378 regno
985 2299 1126 2355 filius
1168 2300 1284 2374 ejus
1324 2300 1601 2352 Cornanus
1641 2315 1851 2349 sucees-

132 2407 282 2458 sisset
304 2447 316 2471 ,
353 2403 588 2456 affirmat
629 2403 804 2477 Ligur
847 2400 1068 2475 quidam
1090 2443 1103 2469 ,
1144 2397 1517 2473 «quandoque
1552 2393 1849 2449 Massiliam

131 2505 294 2557 exitio
341 2502 587 2556 finitimis
638 2499 855 2576 populis
903 2500 1178 2569 futuram,
1223 2495 1750 2574 opprimendamque
1794 2494 1850 2547 in

131 2606 248 2678 ipso
280 2615 435 2669 ortu,
470 2623 537 2655 ne
571 2623 698 2655 mox
728 2601 958 2656 validior
994 2601 1174 2674 ipsum
1211 2597 1530 2651 obrueret.»
1567 2594 1852 2649 Subnectit

132 2717 185 2758 et
227 2703 371 2757 illam
412 2703 650 2757 fabulam
689 2725 699 2756 :
740 2705 988 2757 «Canem
1030 2697 1325 2772 aliquando
1365 2708 1525 2772 partu
1569 2694 1846 2770 gravidam

132 2803 314 2858 locum
352 2824 382 2857 a
421 2816 636 2878 pastore
670 2802 917 2877 precario
953 2800 1179 2875 petisse,
1214 2798 1269 2850 in
1303 2816 1412 2870 quo
1444 2807 1659 2870 pareret
1694 2816 1704 2846 :
1741 2814 1849 2868 quo

134 2903 388 2972 obtento,
425 2904 620 2956 iterato
656 2901 851 2976 petisse
873 2942 886 2968 ,
922 2910 983 2952 ut
1020 2897 1120 2951 sibi
1159 2896 1390 2950 educare
1424 2893 1612 2948 eodem
1646 2895 1701 2946 in
1733 2892 1851 2946 loeo

136 3000 340 3054 catulos
381 3000 566 3055 liceret
610 3022 620 3053 ε
664 2999 731 3053 ad
773 3010 1109 3074 postremum
1151 2993 1350 3048 adultis
1393 2990 1618 3060 eatuliS,
1659 2990 1849 3044 fultam

137 3100 430 3153 domestico
473 3099 758 3175 praesidio,
802 3098 1193 3173 proprietatem
1236 3092 1340 3147 loci
1388 3093 1488 3146 sibi
1532 3090 1848 3145 vindicasse.

136 3200 261 3252 Non
301 3197 455 3251 aliter
492 3197 889 3266 Massilienses,
926 3197 1021 3270 qui
1061 3215 1207 3247 nune
1247 3191 1501 3267 inquilini
1536 3190 1852 3253 videantur,

138 3295 464 3371 quandoque
508 3295 756 3349 dominos
800 3295 1085 3370 regionum
1134 3292 1412 3345 futuros.»
1458 3289 1554 3342 His
1600 3287 1853 3340 incitatus

1560 3386 1611 3437 8.
