2315 3868
763 302 1000 346 LIBRUM
1037 303 1204 344 XLIV.
1771 318 1784 343 1
1801 302 1857 357 57

138 419 238 462 ego.
298 407 452 449 Balux
501 406 624 449 enim
675 414 740 448 est
791 403 1034 453 Straboni,
1086 404 1165 445 lib.
1213 419 1303 458 111,
1334 415 1508 467 χρυσῖτις
1536 414 1691 469 ἄμμος,
1722 405 1860 450 nobis

130 482 373 541 paillettes
417 484 527 525 d’or.
581 502 598 521 «
626 483 826 535 Aurum,
858 479 1009 537 inquit
1053 479 1247 534 Pliniu5‚
1278 496 1468 537 xxx111,
1505 498 1558 526 21
1581 517 1592 538 ,
1627 483 1860 528 invenitur

134 557 375 606 fluminum
405 559 646 611 ramentis,
670 565 721 600 ut
756 557 804 599 in
838 558 968 615 Tago
1000 555 1257 613 Hispaniae3
1284 566 1329 600 et
1363 559 1581 617 Hispani,
1614 561 1740 619 quod
1773 562 1862 605 mi-

139 643 303 678 nutum
332 644 399 678 est
422 651 610 688 aurum,
641 634 848 676 balucem
883 642 1066 677 vocant.
1091 652 1108 671 »
1134 634 1260 676 Nihil
1284 634 1424 692 igitur
1457 638 1756 693 mutandum,
1788 647 1865 682 aut

139 710 399 757 fluminibus
430 711 703 769 legendum,
731 725 828 752 non
866 719 1017 754 autem
1052 711 1300 753 balucibus.

208 788 311 829 CAP.
331 787 414 829 III.
456 787 609 829 Vento.
645 786 806 830 Flante
841 786 1065 830 Favonio.
1100 786 1286 830 Solinus
1319 787 1439 830 miro
1464 788 1688 847 loquendi
1721 785 1881 834 modo'

142 862 260 904 dixit
287 878 295 904 :
333 862 547 905 Sicientes
578 863 703 905 viros
737 877 956 904 aurarum
989 863 1160 921 spiritu
1191 863 1489 916 maneantur,-
1515 879 1652 922 quem
1676 866 1868 910 Martia-

142 953 226 981 nus
255 938 458 982 imitatus
489 948 555 981 051
581 955 589 980 ;
625 942 680 981 In
711 938 808 994 ejus
841 954 1016 997 quoque
1045 939 1239 996 confinio
1271 955 1492 997 equarum
1501 939 1688 997 soetura
1717 942 1869 986 ventis

143 1015 462 1058 maritantibus
493 1016 712 1058 inolescit.
751 1016 831 1057 Hae
863 1014 1028 1057 fabulae
1059 1015 1269 1074 mythicae
1300 1031 1396 1057 non
1433 1031 1489 1059 ex
1524 1031 1744 1075 equarum
1785 1017 1870 1060 foe-

144 1091 407 1144 cunditate‚
440 1101 492 1134 ut
528 1092 590 1135 ait
621 1101 808 1146 noster,
841 1100 960 1135 natae
992 1100 1117 1145 sunt,
1162 1092 1243 1134 sed
1288 1108 1313 1134 a
1344 1091 1455 1135 solis
1486 1092 1614 1150 equis
1648 1092 1698 1136 in
1737 1094 1870 1136 Lusi-

144 1168 289 1222 tanis,
322 1169 381 1211 ad
405 1168 697 1227 Olisiponem
731 1168 780 1210 in
806 1183 1020 1211 occasum
1051 1167 1469 1225 praecipitantibus,
1504 1169 1630 1227 quod
1664 1170 1873 1228 Olisipo—-

146 1246 217 1288 nis
246 1246 528 1305 etymologia
564 1245 789 1303 coarguit.
824 1245 1077 1302 Olisiponis
1111 1244 1257 1298 enim,
1284 1245 1413 1288 urbis
1437 1261 1635 1300 nomen,
1664 1247 1738 1289 vel
1772 1263 1874 1290 ree-

147 1321 233 1364 tius
271 1321 590 1380 Olisipponis,
625 1320 852 1376 ubiequae
890 1334 914 1361 e
949 1327 1093 1361 vento
1128 1319 1341 1362 Favonio
1375 1321 1671 1379 concipiunt,
1703 1324 1762 1365 ab
1801 1331 1857 1371 ὄλι

148 1404 268 1452 cosm,
286 1396 442 1449 labor,
466 1395 720 1453 prolabor,
748 1394 886 1449 cado,
911 1401 1078 1451 ὅλισθος,
1102 1396 1281 1452 lapsus,
1305 1411 1454 1452 casus,
1481 1406 1524 1440 et
1549 1404 1688 1456 ἵππος,
1712 1414 1876 1457 equus,

146 1473 455 1531 compositum
491 1481 571 1516 est.
602 1472 730 1515 Male
765 1472 905 1530 igitur
938 1471 997 1514 ab
1039 1472 1202 1529 Ulysse
1233 1473 1447 1529 condita,
1480 1489 1746 1533 nomenque
1779 1491 1879 1519 sor-

147 1549 255 1604 tita,
291 1549 514 1593 Straboni
545 1549 726 1592 dicitur.

219 1626 480 1669 Galloeci....
505 1641 715 1685 graecam
738 1624 829 1668 sibi
845 1627 1069 1684 originem
1090 1636 1314 1668 asserunt.
1345 1627 1581 1671 Gallaecia
1610 1643 1749 1687 ergo,
1774 1628 1882 1673 His-

152 1703 299 1762 paniae
326 1703 566 1746 Citerioris
594 1702 749 1761 regio,
772 1702 916 1745 hodie
942 1705 989 1745 la
1022 1703 1209 1755 Galc'ce,
1240 1703 1365 1760 cujus
1400 1713 1535 1762 caput
1559 1714 1626 1748 est
1655 1706 1751 1750 St.—
1765 1707 1881 1749 Iac·—

153 1797 262 1839 ques
295 1782 355 1824 de
390 1780 721 1839 Compostelle,
742 1795 917 1823 nomen
934 1779 1049 1821 mihi
1073 1778 1258 1822 videtur
1275 1781 1501 1839 accepisse
1526 1798 1551 1825 a
1575 1797 1724 1841 graeco
1750 1792 1881 1846 ψίλα,

151 1881 316 1915 ,σω-ος,
347 1858 444 1911 lac,
468 1857 543 1900 vel
574 1872 598 1899 a
626 1864 763 1914 καλός,
797 1856 1015 1915 pulcher,
1050 1856 1099 1898 in
1135 1856 1478 1915 compositione
1511 1872 1666 1916 muz„
1693 1869 1737 1903 et
1766 1863 1884 1918 οἶκος,

153 1935 341 1988 domus,
374 1933 423 1976 id
461 1942 550 1987 est,
583 1939 780 1996 γαλαξίας
810 1941 966 1990 κύκλος,
1002 1934 1253 1992 galaxias,
1288 1934 1460 1978 lacteus
1498 1935 1713 1992 circulus;
1745 1937 1808 1981 sic
1841 1946 1886 1981 et

152 2012 352 2066 Galatae,
386 2019 601 2066 Γαλάται,
634 2026 660 2054 a
693 2018 822 2073 γάλα,
856 2034 1030 2067 -ακτος,
1065 2011 1156 2065 lac,
1185 2020 1439 2074 γαλακτίζω,
1471 2014 1723 2057 candorem
1756 2015 1885 2059 lactis

154 2089 334 2143 imitor,
367 2097 603 2151 mammezo,
629 2089 889 2146 -271<.,‚lacte
922 2088 1137 2142 abundo,
1170 2088 1287 2131 sicut
1322 2090 1495 2147 Magna
1526 2091 1698 2145 Mater,
1732 2107 1885 2135 mam-

154 2167 240 2210 mis
269 2175 457 2219 01111513,
487 2176 531 2209 et
558 2167 618 2210 ab
642 2165 755 2224 ipsis
780 2166 914 2208 culta.
942 2164 1032 2208 Via
1059 2165 1183 2208 enim
1212 2166 1357 2209 lactea
1382 2166 1519 2209 etiam
1546 2182 1668 2210 nunc
1694 2176 1886 2211 vocatur

158 2249 200 2286 le
231 2242 411 2285 chemin
435 2244 494 2286 de.
528 2244 823 2301 St.-Jacques
840 2243 898 2284 de
922 2241 1257 2301 Compostelle;
1290 2252 1334 2286 et
1370 2243 1419 2286 in
1452 2243 1620 2287 fabulis
1655 2253 1744 2300 est,
1778 2245 1888 2288 dum

157 2321 280 2362 Juno
313 2319 445 2378 pueri
481 2319 690 2363 Herculis
737 2320 810 2362 vel
857 2319 1077 2362 Mercurii
1129 2320 1271 2363 ubera
1306 2320 1619 2379 immulgeret‚
1665 2322 1889 2366 decidisse

159 2396 360 2454 aliquam
388 2395 662 2454 particulam
696 2395 886 2439 candidi
918 2395 1141 2453 liquoris,
1175 2405 1219 2440 et
1250 2397 1298 2439 in
1335 2414 1434 2440 eam
1468 2398 1570 2441 coeli
1596 2407 1777 2456 partem
1810 2399 1891 2443 de-

160 2471 369 2527 fluxisse,
396 2488 495 2531 quae
521 2473 603 2515 υιά
634 2475 785 2515 lactea
815 2473 1120 2530 postmodum
1164 2482 1231 2516 est
1255 2475 1500 2532 appellata.
1530 2475 1654 2533 Ergo
1691 2476 1892 2520 Galloeci

162 2565 335 2593 nomen
364 2550 439 2593 vel
474 2549 674 2593 Calloeci
698 2548 999 2592 scribendum
1025 2563 1111 2606 per
1137 2565 1207 2602 oe,
1239 2559 1283 2593 et
1305 2551 1425 2593 male
1457 2550 1673 2594 scribitur
1701 2550 1892 2595 Callaici

165 2627 288 2685 apud
321 2627 566 2670 D'Anville
598 2634 642 2669 et
672 2625 802 2669 alios.

230 2705 335 2747 CAp.
368 2705 448 2746 IV.
485 2705 678 2746 Titanas
707 2704 876 2747 bellum
909 2705 1123 2747 adversus
1146 2705 1256 2748 deos
1275 2707 1472 2764 gessisse
1493 2706 1724 2765 proditur.
1761 2707 1801 2747 T
1801 2706 1894 2748 ι’ῑα-

165 2795 245 2822 nes
282 2795 456 2823 nomen
492 2779 643 2822 sortiti
685 2788 822 2834 sunt,
868 2779 984 2823 sicut
1019 2789 1063 2823 et
1094 2789 1258 2838 unwig,
1292 2781 1465 2836 Diana,
1498 2780 1593 2825 filia
1626 2783 1817 2824 Latonae
1853 2790 1896 2824 et.

167 2856 250 2899 Cei
273 2856 474 2911 Titanis,
509 2872 533 2899 3
558 2864 672 2907 τίτθη
698 2857 772 2900 vel
795 2864 915 2914 τήθῃ,
940 2873 1168 2912 11131111113,
1199 2858 1383 2912 nutrix,
1420 2857 1549 2912 avia,
1581 2858 1631 2901 id
1656 2867 1722 2901 est
1754 2867 1898 2911 terra,

169 2947 307 2990 quam
342 2935 383 2975 T
382 2935 538 2977 itoeam
563 2933 802 2977 Diodorus
823 2942 980 2989 vocat,
1010 2943 1154 2993 Τηθύς,
1182 2943 1327 2989 terra,
1359 2935 1533 2993 Tethys
1568 2934 1680 2987 dea,
1704 2935 1827 2977 unde
1855 2943 1899 2977 et

169 3017 323 3067 Τιτυός,
347 3010 504 3069 Tityus
540 3011 690 3069 gigas,
716 3011 765 3053 in
797 3010 991 3069 odyss„
1019 3009 1141 3054 filius
1174 3012 1328 3054 Terrae
1360 3010 1532 3065 dictus,
1557 3020 1601 3054 et
1627 3016 1774 3064 τιτανὶς
1797 3015 1899 3073 (γῆ),

169 3095 305 3130 terra.
333 3085 408 3129 Sic
436 3087 680 3145 Gigantes,
707 3088 785 3146 qui
814 3088 957 3132 iidem
982 3097 1088 3132 sunt
1122 3103 1174 3132 30
1205 3088 1417 3143 Titanes,
1448 3103 1622 3131 nomen
1658 3103 1789 3130 suum
1810 3087 1898 3130 du-

160 3159 281 3243 jcunt
312 3178 337 3205 a
370 3175 442 3224 γῆ,
472 3172 617 3219 terra,
654 3173 698 3208 et
730 3172 845 3228 γάρ),
878 3181 1066 3219 nascor,
1098 3172 1189 3227 γάς,
1229 3174 1386 3218 1131115,
1422 3166 1577 3208 Terrae
1617 3162 1724 3216 filii,
1759 3163 1901 3207 terri-

171 3254 321 3297 genae,
359 3239 489 3296 quod
518 3255 680 3284 revera
711 3242 900 3285 tradunt
934 3242 1114 3286 fabulae.

242 3315 445 3358 Cunetes.
473 3316 660 3359 Rectius
695 3318 900 3376 (synetes.
939 3320 1009 3362 Ita
1041 3319 1217 3377 optime
1252 3319 1455 3362 correxit
1478 3320 1535 3361 Is.
1563 3316 1781 3373 Vossius,
1812 3333 1900 3376 pro
