2315 3868
486 363 573 409 ¹40
1058 353 1241 396 NOTAE
1277 353 1342 395 IN
1379 353 1621 396 JUSTINI

481 458 654 511 Exod,
689 472 766 511 lv,
802 455 855 511 6,
890 465 934 498 et
964 457 1183 511 Numen,
1217 473 1321 511 ΧΠ,
1356 472 1438 511 20,
1474 457 1601 514 lepra
1638 454 1807 498 dicitur
1840 455 2042 497 candens
2068 461 2205 513 quasi

481 536 574 577 miv.
621 533 913 591 Vitiliginem
942 533 1063 577 hanc
1103 534 1310 589 Tacitus,
1353 535 1493 586 Hm,
1529 549 1582 587 V,
1616 533 1668 586 3,
1703 532 1856 575 tabem
1900 540 2065 586 vocat,
2095 548 2201 590 qum

480 626 675 669 corpora
702 609 933 667 foedaret.
976 610 1125 662 Inde,
1161 610 1224 653 ait
1258 611 1315 653 D.
1350 609 1583 664 Lemaire,
1624 609 1745 652 fama
1789 608 2043 666 depravata
2074 615 2202 662 orta,

481 687 607 746 quod
640 687 690 729 in
724 686 936 745 sequenti
967 695 1177 746 tempore
1211 686 1358 729 Judaei
1390 686 1544 730 scabie
1579 694 1623 729 et
1656 687 1784 744 lepra
1815 684 2108 728 laborabant.

555 763 929 822 Tempestatibus.
954 763 1042 805 Hic
1065 779 1091 805 a
1114 762 1251 805 sacris
1286 762 1444 805 bibliis
1479 762 1634 806 differt
1658 765 1683 806 J
1689 762 1884 815 ustinus,
1920 759 1998 818 qui
2021 761 2201 818 AEgyp-

481 840 651 883 tiorum
684 838 863 883 cladem
896 838 945 880 in
969 838 1209 896 Erythraeo
1240 837 1359 880 mari
1399 846 1648 893 connotat,
1681 838 1762 881 ubi
1803 837 2044 881 universus
2085 836 2206 880 Pha—

481 915 636 959 raonis
669 914 894 958 exercitus
929 929 1034 956 cum
1068 912 1172 971 ipso
1207 928 1315 971 rege
1350 914 1503 971 periit.
1535 934 1553 952 «
1588 914 1706 968 Sed,
1730 914 1793 958 ait
1815 914 2027 968 Orosius,
2052 930 2096 968 1,
2126 928 2204 966 12,

482 1000 664 1036 exstant
691 990 828 1034 etiam
859 1005 982 1033 nunc
1009 989 1262 1032 certissima
1291 989 1461 1032 horum
1483 999 1785 1033 monumenta
1809 998 2057 1048 gestorum.
2087 990 2203 1047 Nam

483 1077 649 1113 tractus
691 1081 904 1110 curruum
948 1074 1084 1124 atque
1127 1074 1334 1109 rotarum
1382 1066 1575 1121 orbitae,
1614 1082 1713 1109 non
1753 1067 1904 1109 solum
1936 1068 1985 1109 in
2019 1068 2205 1122 littore,

483 1144 564 1187 sed
598 1143 734 1187 etiam
756 1141 805 1184 in
831 1141 1092 1199 profundo,
1117 1157 1358 1200 quousque
1386 1141 1508 1185 visus
1536 1141 1820 1196 admittitur,
1849 1142 2161 1200 pervidentur.
2187 1165 2203 1180 »

481 1220 746 1263 Transitum
782 1218 905 1261 hunc
937 1217 1214 1276 mythicum,
1250 1234 1273 1260 a
1307 1233 1400 1276 quo
1435 1218 1609 1271 Heber‚
1644 1217 1861 1261 hebraice
1893 1218 2135 1272 transitus,
2164 1227 2209 1262 et,

481 1296 692 1348 Hebroei‚
718 1302 1027 1348 transeuntes,
1060 1309 1234 1337 nomen
1265 1304 1563 1352 acceperunt,
1592 1295 1706 1338 sicut
1742 1303 1786 1338 et
1818 1294 1983 1338 festum
2006 1294 2209 1337 Paschae

483 1388 561 1416 seu
594 1370 835 1423 transitus,
879 1385 977 1412 non
1021 1369 1297 1428 ignoravere
1333 1370 1519 1413 Ethnici
1559 1368 1691 1423 (vide
1732 1379 1891 1414 notam
1924 1370 1972 1412 in
2010 1370 2208 1413 Phoeni--

483 1464 611 1500 cem,
644 1461 781 1500 xxxl,
814 1444 888 1506 1);
924 1445 1006 1488 sed
1038 1446 1098 1488 ad
1128 1445 1391 1500 Phoenices,
1425 1462 1523 1489 non
1557 1447 1616 1489 ad
1647 1446 1893 1501 Hebraeos,
1926 1446 2207 1490 referebant.

483 1524 600 1566 Eum
629 1520 988 1579 reciprocationi
1017 1521 1156 1564 maris
1187 1521 1531 1579 adscripserunt
1565 1522 1862 1580 Memphitae,
1897 1523 2022 1580 apud
2060 1524 2209 1566 Euse—

484 1598 635 1653 bium,
677 1612 750 1652 1x,
791 1607 917 1659 Προπ,
961 1597 1068 1654 Ipse
1105 1596 1294 1654 insuper
1336 1597 1566 1655 Josephus
1607 1597 1790 1640 dubitat
1822 1613 1882 1640 an
1914 1597 2081 1641 divisio
2115 1599 2210 1642 haec

486 1674 708 1718 naturalis
742 1673 902 1728 fuerit,
937 1688 995 1715 an
1027 1688 1140 1716 vero
1171 1673 1464 1716 miraculosa.
1502 1694 1520 1712 «
1548 1674 1665 1716 Nam
1697 1682 1742 1716 et
1773 1673 2025 1717 Alexandri
2049 1674 2208 1732 Magni

486 1753 649 1806 ductu,
679 1750 850 1809 inquit,
880 1764 1007 1793 mare
1033 1749 1354 1809 Pamphylium
1379 1750 1536 1805 cessit,
1579 1766 1721 1809 quum
1755 1752 1878 1794 Deus
1911 1751 2006 1808 ejus
2041 1766 2179 1809 opera
2200 1784 2211 1805 ,

486 1828 546 1872 ad
579 1826 908 1871 destruendum
948 1828 1189 1869 Persarum
1221 1826 1487 1884 imperium,
1522 1826 1588 1869 uti
1630 1826 1920 1870 decrevisset.
1958 1846 1976 1866 »
2008 1826 2212 1882 Curtius,

490 1921 530 1960 v,
554 1904 709 1963 paucis
741 1920 749 1945 :
776 1903 906 1945 Mari
933 1918 1095 1945 novum
1113 1904 1201 1945 iter
1213 1904 1259 1945 in
1285 1903 1627 1962 Pamphyliam
1653 1914 1911 1962 aperuerat.
1929 1905 2209 1948 Fabulosum

486 1980 603 2025 illud
619 1996 717 2024 non
745 1988 814 2023 est
831 1979 959 2037 quod
977 1979 1033 2022 de
1057 1980 1324 2023 Alexandro
1352 1982 1529 2039 Magno
1545 2014 1556 2036 ,
1580 1982 1767 2040 Moyse,
1795 1989 1839 2022 et
1864 1982 2002 2024 Josue
2031 1980 2213 2034 dicunt,

488 2055 569 2101 sed
610 2055 911 2114 allegoricum
948 2072 956 2098 :
1005 2055 1081 2098 hic
1131 2065 1199 2099 est
1237 2065 1523 2114 trangressus
1567 2057 1676 2099 solis
1716 2057 1835 2099 ultra
1866 2056 2047 2115 signum
2082 2054 2210 2099 fluvii

489 2132 690 2192 aquarii,
736 2132 908 2176 dictum
956 2147 1141 2190 quoque
1172 2148 1314 2176 mare.
1341 2134 1426 2176 Illa
1456 2141 1713 2191 pastorum,
1732 2148 1847 2190 quos
1894 2134 2073 2191 Hycsos
2119 2148 2211 2174 vo—

490 2219 619 2264 cant,
652 2225 708 2253 ex
738 2211 940 2268 JEgypto
971 2209 1019 2251 in
1044 2209 1327 2253 Phoeniciam
1356 2210 1599 2268 migratio,
1632 2224 1729 2252 non
1769 2210 1898 2253 abest
1944 2225 1969 2253 a
2018 2209 2210 2252 transitu

489 2287 793 2331 Hebraeorum
821 2294 947 2328 trans
978 2301 1105 2330 mare
1136 2286 1376 2341 Rubrum,
1410 2287 1526 2330 duce
1559 2288 1745 2345 Moyse,
1775 2288 1849 2329 vel
1881 2295 2006 2329 trans
2042 2286 2066 2328 J
2076 2285 2214 2328 orda-

489 2378 620 2418 nem,
653 2363 766 2406 duce
818 2363 986 2416 Josue,
1030 2371 1074 2405 et
1119 2362 1386 2405 Brutiorum
1424 2372 1549 2406 trans
1590 2364 1733 2405 Laum
1768 2360 1983 2416 fluvium,
2018 2361 2214 2420 Dionysi

490 2450 722 2497 tempore,
760 2438 810 2481 id
855 2447 921 2481 est
957 2439 1137 2481 Baccho
1167 2440 1519 2497 Taurocephalo
1544 2439 1684 2493 duce,
1713 2455 1792 2483 seu
1822 2440 1944 2483 bove
1966 2441 2110 2493 Luca,
2140 2439 2215 2481 vel

491 2515 615 2560 John
638 2516 774 2566 Bull,
803 2515 852 2556 in
885 2514 1078 2557 transitu
1113 2515 1318 2558 Tamesis
1351 2515 1411 2558 ad
1445 2516 1607 2558 urbem
1647 2514 1853 2571 Oxford,
1873 2515 1983 2558 inde
2015 2515 2078 2558 sic
2110 2514 2212 2556 dic-

492 2602 586 2635 tam
635 2590 838 2649 anglice,
892 2592 1152 2649 Bosporum
1198 2606 1363 2650 graece,
1406 2607 1485 2635 seu
1541 2593 1678 2635 Bovis
1733 2593 1993 2645 transitum,
2048 2590 2215 2634 eodem

495 2685 545 2712 ac
568 2670 793 2711 Italorum
813 2667 983 2723 vitulo,
1001 2670 1253 2728 Moyseque
1273 2678 1468 2712 cornuto
1501 2679 1546 2712 et
1570 2669 1714 2712 vitulo
1739 2684 1905 2723 aureo,
1938 2668 1989 2711 id
2021 2675 2087 2710 est
2118 2667 2215 2708 sole

496 2746 580 2788 sub
614 2744 746 2802 signo
779 2744 924 2798 tauri,
953 2754 1058 2802 post
1085 2746 1178 2802 ejus
1202 2747 1444 2789 transitum
1475 2746 1524 2788 in
1556 2746 1817 2803 aquarium,
1849 2745 1978 2788 siccis
2002 2742 2212 2801 pedibus.

495 2820 788 2864 Lucanorum
817 2820 941 2863 enim
967 2830 1174 2879 pastores
1205 2833 1376 2883 Βρέντιω.
1411 2821 1521 2864 dicti
1559 2830 1709 2875 erant,
1735 2821 1861 2878 quod
1896 2829 1961 2863 est
1993 2819 2213 2878 Fugitivi,

497 2906 609 2941 teste
644 2897 896 2951 Strabone,
925 2898 1249 2955 ,sEgyptiorum
1278 2913 1411 2951 vero,
1431 2899 1623 2955 Hycsoi,
1650 2912 1736 2955 pro
1755 2896 1981 2950 Plzyoeioi,
2019 2904 2070 2938 ut
2095 2896 2214 2937 Her-

498 2974 637 3031 cynici
670 2973 745 3015 vel
786 2973 994 3030 Orcynia
1015 3006 1026 3024 ‚
1062 2988 1220 3030 supra,
1253 2989 1339 3031 pro
1374 2974 1666 3030 Phorcynia,
1701 2989 1725 3014 a
1749 2979 1873 3033 φύξις,
1906 2972 2039 3029 fuga,
2073 2976 2217 3032 φύξιες,

499 3057 690 3107 propter
725 3048 878 3106 fugam
912 3050 985 3091 vel
1029 3049 1215 3092 exilium
1254 3049 1552 3103 miserabilis,
1587 3056 1744 3110 φυκτός,
1787 3048 2052 3106 fugiendus,
2104 3061 2216 3090 exe-

500 3125 721 3178 crandus,
753 3132 940 3185 φευχτγῇς,
972 3125 1165 3182 fugitor,
1200 3134 1422 3186 φευχταῖςι,
1454 3124 1686 3181 fugiendi,
1725 3123 1972 3167 execrandi
2006 3122 2217 3165 homines

502 3203 563 3244 ob
589 3200 937 3258 improbitatem
957 3217 968 3254 3
996 3210 1038 3243 et
1064 3216 1223 3243 revera
1242 3210 1448 3258 pastores
1466 3200 1693 3257 AEgyptiis
1711 3199 2049 3242 abominationi
2074 3205 2216 3239 erant.

510 3276 623 3318 Vide
665 3278 814 3327 Ges„
850 3290 988 3328 xLV1,
1026 3275 1115 3330 343
1157 3276 1364 3329 Hmzon„
1394 3292 1462 3329 11,
1499 3275 1613 3328 164,
1647 3284 1689 3318 et
1729 3277 1905 3328 Dion,
1930 3275 2008 3317 lib.
2042 3291 2072 3315 1.
2106 3274 2220 3315 Vide

505 3368 663 3409 supra,
701 3360 796 3393 not.
831 3352 1046 3403 Bruttios,
1085 3366 1237 3405 xxul,
1279 3368 1312 3393 1.
