2315 3868
838 358 1074 402 LIBRUM
1109 358 1280 400 XLIII.
1839 359 1924 404 155»

202 460 378 503 hastam
422 475 559 501 manu
601 459 719 517 gerit
757 457 955 517 effigies,
988 459 1189 517 ideoque
1236 461 1357 504 idem
1392 471 1459 504 est
1493 478 1544 506 ac
1583 464 1822 520 Quirinus,
1861 465 1926 508 si—

204 545 280 579 cut
318 536 449 579 divus
482 538 641 578 Petrus
680 535 882 593 claviger
915 535 1039 578 idem
1076 544 1142 579 est
1172 536 1251 593 qui
1290 538 1454 592 Janus,
1480 547 1524 581 et
1547 540 1731 597 Jupiter
1759 541 1930 600 Lapis,

203 612 370 655 merito
394 627 441 654 se
470 612 732 653 Romanum
759 626 837 654 seu
870 612 1090 668 Quiritem
1117 611 1248 654 dixit.
1275 613 1399 655 Male
1423 613 1563 671 igitur
1591 616 1741 659 Varro
1775 618 1932 674 Quiri-

202 704 310 731 num
343 704 368 730 a
403 688 656 746 Quiritibus
690 688 974 746 appellatum
1007 704 1103 732 esse
1138 688 1382 732 existimat.

269 765 587 807 Phoceus-ium.
632 763 748 808 Vide
774 780 937 823 supra,
966 766 998 807 l.
1028 781 1197 808 xxxvn
1219 799 1230 821 ,
1268 781 1304 809 c.
1339 781 1375 808 1.

267 841 546 884 Massiliam.
578 842 694 895 Quae
720 850 764 884 et
788 850 989 890 Μασαλία
1021 843 1270 885 Ptolemaeo
1295 850 1340 886 et
1363 842 1628 898 Eustathio,
1657 845 1930 904 perantiqua

201 917 334 971 urbs,
364 916 412 958 in
447 916 603 960 littore
635 917 795 961 Galliae
828 918 1006 976 posita,
1043 918 1224 976 origine
1255 934 1423 977 graeca,
1457 935 1482 962 a
1516 919 1725 979 profugis
1757 936 1815 964 ex
1846 923 1928 965 Io—

200 993 277 1036 nia
300 993 653 1036 Phocaeensibus
678 994 909 1038 Persicam
936 994 1204 1039 servitutem
1230 995 1539 1054 fugientibus,
1564 1012 1707 1054 quum
1723 996 1930 1055 ipsorum

199 1069 309 1112 urbs
333 1070 391 1112 ab
423 1071 629 1128 Harpalo
658 1086 736 1114 seu
767 1071 1012 1130 Harpago,
1045 1080 1093 1115 ut
1121 1080 1255 1115 vocat
1284 1072 1573 1128 Herodotus,
1604 1073 1632 1116 l.
1659 1089 1702 1128 1,
1735 1074 1927 1117 obside-

198 1155 351 1201 retur,
382 1146 504 1190 inter
536 1148 697 1206 Salyos
734 1147 944 1203 condita,
978 1148 1348 1192 contestantibus
1381 1149 1559 1207 Strab.‚
1592 1150 1621 1191 l.
1653 1166 1724 1204 1v,
1758 1150 1928 1204 Solin.‚

200 1239 237 1265 c.
274 1222 324 1278 8,
360 1223 619 1278 Ammian.,
654 1240 742 1279 xv,
778 1223 864 1278 23,
898 1233 942 1268 et
977 1225 1154 1279 Gellio,
1186 1241 1240 1278 x,
1276 1224 1319 1267 6.

265 1299 433 1342 Protis.
457 1300 730 1354 Athenaeus,
762 1314 817 1342 ex
842 1299 1108 1342 Aristotelis
1134 1301 1257 1343 libro
1285 1306 1379 1362 Περὶ
1410 1313 1486 1347 τῶν
1523 1312 1834 1349 Μασσαλιωτῶν
1858 1325 1930 1349 πο,

196 1385 369 1431 λιτεῑας,
396 1374 531 1417 affert
572 1375 691 1417 hanc
740 1374 1010 1430 historiam,
1038 1375 1119 1418 lib.
1161 1391 1286 1431 xil13
1321 1375 1402 1418 sed
1440 1375 1589 1419 variat
1629 1376 1847 1419 nonnihil
1880 1376 1927 1422 in

198 1449 483 1494 nominibus.
518 1452 668 1506 Quem
701 1451 827 1494 enim
852 1451 1058 1495 Justinus
1088 1451 1163 1495 hic
1190 1452 1380 1507 Protin,
1408 1452 1487 1495 ille
1514 1453 1778 1508 Euxenum,
1803 1454 1928 1497 Nan-

196 1543 308 1570 num
332 1528 543 1583 Nanum,
568 1527 742 1586 Gyptin
776 1530 978 1581 Pettam,
1018 1528 1114 1572 sive
1149 1536 1327 1571 mutato
1361 1529 1572 1584 nomine,
1602 1529 1926 1573 Aristoxenam

196 1612 345 1647 vocat,
377 1604 544 1648 Filium
573 1619 686 1648 vero
720 1604 903 1647 Euxeni
939 1613 982 1647 et
1007 1605 1298 1647 Aristoxenae
1333 1604 1442 1647 facit
1470 1605 1658 1659 Protin,
1683 1606 1807 1649 unde
1832 1605 1928 1663 ejus

199 1680 372 1738 posteri
396 1681 634 1723 Proticzdoe
665 1679 776 1723 dicti
804 1681 908 1723 sint.
939 1680 1031 1724 Sed
1057 1681 1350 1735 Plutarchus,
1373 1682 1419 1723 in
1444 1681 1637 1735 Solone,
1669 1697 1706 1724 c.
1728 1680 1752 1724 3
1767 1716 1778 1737 ,
1796 1684 1925 1726 Mas-

199 1756 309 1800 siliae
332 1757 483 1815 ipsum
506 1756 798 1799 conditorem
827 1767 986 1819 Πρῶτον
1013 1765 1163 1800 vocat.
1191 1758 1354 1800 Protos
1378 1758 1451 1800 vel
1487 1759 1662 1807 Ptolis,
1697 1774 1718 1799 a
1756 1771 1927 1821 πρῶτος,

197 1833 400 1892 primus3
419 1832 588 1886 Simos,
611 1848 635 1875 a
651 1840 785 1894 σιμός,
813 1832 976 1887 simus,
1001 1832 1166 1891 gallice
1195 1849 1353 1875 camus
1370 1866 1384 1885 ,
1412 1833 1613 1891 thynnus
1638 1834 1776 1892 piscis
1800 1834 1926 1892 apud

196 1909 441 1965 Artemid.,
463 1925 529 1964 11,
550 1925 565 1952 1
579 1914 604 1962 4
619 1943 630 1964 ,
649 1925 727 1952 seu
751 1909 909 1952 forsan
932 1910 1096 1953 melius
1119 1909 1369 1968 delphinus
1383 1943 1396 1962 ,
1419 1909 1498 1968 qui
1520 1911 1645 1953 Simo
1659 1910 1926 1966 dicebatur,

197 1995 383 2031 auctore
415 1986 566 2030 Plinio
585 2020 596 2040 ,
629 1995 673 2029 et
698 1986 1047 2030 Phocaeensium
1070 1986 1167 2029 dux
1191 1986 1299 2040 fuit,
1328 1986 1402 2029 vel
1432 1986 1589 2044 phoca
1599 2020 1614 2040 ,
1645 1987 1772 2030 unde
1796 1987 1926 2030 1)]ιο-

196 2079 422 2117 coeenses,
443 2063 727 2117 Phocenses,
761 2062 982 2116 Phocoei,
1010 2062 1220 2105 Plzocoea
1243 2071 1287 2105 et
1310 2061 1508 2115 Phocis,
1543 2062 1659 2105 sicut
1683 2072 1727 2106 et
1755 2063 1924 2107 Simois

195 2140 382 2195 fluvius,
428 2155 571 2199 graece
619 2147 794 2202 Σιμόεις,
834 2155 859 2182 a
898 2148 1009 2203 σιμός
1037 2155 1222 2198 quoque
1257 2139 1403 2181 dictus
1436 2138 1548 2193 fuit3
1596 2139 1719 2182 unde
1749 2140 1924 2198 Apollo

196 2217 470 2276 Delphinius
502 2216 719 2260 Massiliis
754 2217 926 2270 cultus;
959 2216 1074 2259 sicut
1103 2225 1147 2258 et
1169 2215 1320 2259 Diana
1344 2215 1567 2273 Ephesia,
1594 2215 1756 2259 eadem
1788 2225 1924 2274 atque

196 2294 490 2346 Aristoxena,
524 2302 760 2348 matrona,
806 2309 905 2352 quae
945 2308 994 2336 se
1025 2294 1163 2335 deam
1195 2292 1407 2344 dicebat,
1443 2292 1607 2335 eadem
1637 2307 1689 2336 ac
1729 2293 1923 2351 Cybele,

196 2380 341 2414 mater
368 2370 519 2413 deum.
558 2369 671 2412 Vide
702 2371 960 2424 MIONNET,
991 2372 1145 2411 Descr.
1171 2369 1252 2411 des
1274 2369 1391 2410 me'd.
1407 2401 1421 2421 ‚
1448 2377 1559 2411 tom.
1588 2385 1619 2411 1.
1656 2369 1778 2412 Hinc
1803 2385 1921 2427 quo-

198 2463 285 2505 que
316 2445 625 2490 Massilienses
658 2445 772 2489 dicti
804 2454 1015 2508 ἀπόγυνοι,
1047 2462 1124 2488 seu
1156 2445 1342 2499 molles,
1367 2444 1659 2499 effoeminati,
1691 2454 1741 2488 ut
1772 2446 1924 2501 Ionii,

196 2534 245 2567 ut
286 2524 430 2579 Galli,
476 2523 670 2581 Cybeles
709 2523 994 2576 sacerdotes,
1030 2531 1073 2565 et
1104 2531 1339 2585 θηλυγενεῖς,
1364 2537 1387 2564 e
1414 2521 1601 2564 foemina
1629 2519 1645 2582 ζ
1657 2522 1707 2565 id
1738 2531 1829 2577 est,
1866 2539 1923 2566 ex

198 2601 473 2644 Aristoxena
495 2601 704 2659 ipsorum
737 2597 912 2659 matre)
945 2597 1063 2652 orti,
1093 2597 1356 2641 muliebres.
1391 2596 1512 2640 Hinc
1546 2599 1759 2653 Arelate,
1794 2600 1921 2642 Mas-

197 2677 452 2721 siliensium
476 2677 660 2721 colonia
675 2710 686 2730 ,
704 2692 781 2719 seu
800 2675 1003 2732 ejusdem
1021 2674 1117 2717 deae
1141 2672 1256 2728 filia,
1274 2675 1408 2717 Festo
1443 2674 1626 2717 Avieno
1652 2673 1773 2717 dicta
1804 2675 1922 2716 The--

197 2756 288 2797 line
320 2755 394 2797 vel
431 2754 599 2797 rectius
643 2753 870 2809 sl'lzelyne,
917 2767 941 2794 a
983 2762 1115 2808 θῆλυς,
1150 2750 1412 2806 foemineus,
1454 2759 1620 2808 θηλύνω,
1661 2750 1920 2804 effoemino,

196 2838 316 2888 θηλὴ,
342 2846 541 2873 mamma
560 2864 571 2885 ,
602 2838 645 2873 et
679 2829 729 2871 in
764 2827 1067 2886 inscriptione
1095 2826 1391 2871 Mamz'llaria
1407 2843 1424 2880 ,·
1455 2828 1599 2869 instar
1631 2828 1793 2869 Romoe
1825 2827 1921 2870 deae

198 2915 241 2947 et
272 2907 422 2961 urbis,
449 2907 574 2964 cujus
597 2921 794 2958 nomen,
829 2919 973 2963 graece
1005 2910 1138 2966 ῥώμη,
1167 2912 1301 2946 sonat
1320 2903 1539 2946 Valentia
1575 2904 1650 2945 vel
1683 2912 1919 2957 matrona,

198 2981 340 3024 latine
384 2999 546 3036 ruma,
595 2982 722 3041 quod
770 2981 895 3024 idem
940 2989 1029 3033 est;
1067 2979 1213 3022 instar
1246 2987 1290 3021 et
1324 2979 1485 3023 Dianae
1513 2978 1722 3036 Ephesiae
1746 2988 1789 3022 et
1826 2979 1921 3022 deae

197 3057 363 3116 Syriae,
391 3059 601 3101 mammis
626 3066 814 3101 onustae.

263 3134 636 3193 .Segob172gc'oru172.
667 3132 874 3188 Quidam
906 3140 1013 3175 vett.
1047 3132 1376 3190 Segobm'orum.
1415 3130 1506 3185 Qui
1539 3129 1631 3172 sint
1669 3129 1717 3172 hi
1755 3130 1917 3188 populi

199 3228 289 3254 01¹ae
312 3210 550 3253 maritimae
568 3244 580 3264 ,
603 3209 849 3253 D'Anville
874 3209 969 3267 ipse
999 3207 1158 3251 nescit.
1185 3207 1392 3250 Valesius
1421 3206 1609 3265 quidem
1636 3215 1790 3249 censet
1815 3221 1917 3249 eos-

199 3268 302 3330 {lem
333 3301 430 3330 esse
455 3294 590 3343 atque
623 3287 784 3337 Reios,
820 3285 901 3328 sed
933 3300 954 3329 a
990 3284 1106 3326 mari
1134 3283 1327 3325 nimium
1361 3282 1510 3326 dissiti
1541 3290 1684 3325 erant.
1720 3282 1918 3330 Plinius,

202 3381 291 3419 ixl,
325 3364 373 3418 3,
410 3361 787 3421 Segobrigenses,
819 3370 861 3404 et
886 3361 1052 3405 Strabo
1086 3362 1200 3418 Sego
1232 3360 1408 3418 rigam,
1444 3367 1727 3413 memorant,
1761 3359 1843 3402 sed
1871 3358 1916 3400 in
