2315 3868
458 270 517 316 80
1205 274 1231 315 J
1234 272 1276 316 U
1277 272 1438 316 STINI

457 394 554 428 sua
595 374 968 448 experimenta
1011 388 1301 446 moveant,
1345 375 1535 430 audire
1576 398 1665 447 se,
1702 399 1731 431 a
1769 380 2014 453 Pyrrh0‚
2050 403 2177 458 rege

455 472 637 547 Epiri,
667 493 780 528 non
809 473 1045 550 amplius
1075 496 1240 550 quam
1269 480 1512 552 quinque
1542 475 1783 532 millibus
1810 479 2178 536 Macedonum

454 571 751 642 instructO,
786 573 933 630 fusos
967 575 1143 630 tribus
1180 574 1383 651 proeliis
1421 579 1715 632 Romanos,
1748 576 1977 646 Audire,
2008 582 2180 635 Anni-

453 671 636 726 balem
673 674 946 729 sexdecim
985 675 1141 729 annis
1176 674 1345 731 Italiae
1380 676 1651 732 victorem
1687 678 2042 734 immoratum
2077 699 2089 732 :
2126 691 2180 734 et

456 773 592 846 quin
627 774 800 849 ipsam
837 786 1055 850 caperet
1091 775 1309 845 urbem,
1352 797 1463 831 non
1502 782 1883 835 Romanorum
1923 777 2001 834 illi
2037 780 2180 835 vires

454 872 756 942 obstitisse,
788 873 881 928 sed
909 872 1221 928 domesticae
1246 873 1610 931 aemulationis
1635 890 1799 953 atque
1823 879 2039 933 invidiae
2068 892 2181 934 stu-

456 971 626 1027 dium.
683 972 921 1042 Audire,
977 972 1210 1049 populos
1265 972 1636 1050 Transalpinae
1689 975 1914 1047 Galliae,
1965 977 2180 1034 Italiam

455 1072 753 1148 ingressos,
786 1071 1035 1126 maximis
1066 1091 1185 1126 eam
1217 1071 1579 1148 plurimisque
1612 1074 1839 1128 urbibus
1871 1077 2179 1150 possidere3

454 1183 509 1225 et
549 1169 710 1225 latius
756 1170 1038 1246 aliquanto
1082 1170 1258 1227 solum
1303 1171 1533 1243 finium,
1567 1194 1733 1248 quam
1775 1174 1830 1226 in
1866 1175 2025 1242 Asia,
2063 1196 2180 1250 quae

454 1269 668 1326 dicatur
702 1270 960 1343 imbellis,
992 1270 1212 1326 eosdem
1247 1270 1435 1327 Gallos
1469 1292 1766 1348 occupasse
1799 1294 1809 1326 :
1847 1294 1949 1328 nec
1980 1275 2180 1329 victam

455 1368 630 1425 solum
668 1370 777 1425 dici
811 1375 1046 1427 Romam
1078 1393 1108 1426 a
1151 1370 1352 1440 Gallis,
1393 1372 1487 1428 sed
1525 1373 1690 1427 etiam
1727 1386 1974 1449 captam3
2011 1374 2087 1428 ita
2123 1387 2181 1430 ut

453 1471 618 1524 unius
661 1469 766 1524 illis
808 1472 1012 1525 montis
1052 1483 1271 1525 tantum
1309 1491 1570 1526 cacumen
1610 1470 2045 1547 relinqueretur3
2080 1495 2181 1529 nec

451 1568 596 1624 bello
645 1571 890 1638 hostem,
938 1569 1032 1624 sed
1083 1571 1259 1645 pretio
1305 1582 1597 1624 remotum.
1657 1568 1948 1627 Gallorum
1997 1584 2179 1628 autern

454 1690 679 1739 nomen,
704 1669 853 1745 quod
875 1689 1088 1746 semper
1112 1673 1389 1725 Romanos
1414 1671 1696 1741 terruerit,
1721 1672 1776 1724 in
1802 1684 1957 1747 parte
1978 1673 2179 1727 virium

454 1790 679 1825 suarum
703 1770 884 1846 ipsum
911 1789 1217 1824 numerare.
1246 1771 1392 1826 Nam
1417 1770 1541 1839 hos,
1572 1772 1665 1845 qui
1693 1772 1877 1826 Asiam
1907 1771 2178 1843 incolunt,

455 1871 643 1931 Gallos
679 1870 745 1924 ab
784 1867 916 1940 illis,
953 1869 1048 1944 qui
1082 1867 1298 1924 Italiam
1335 1882 1773 1945 occupaverant,
1809 1871 2026 1926 sedibus
2062 1884 2181 1927 tan-

458 1986 572 2027 tum
615 1971 845 2038 distare3
883 1968 1151 2045 originem
1190 1968 1412 2043 quidem
1456 1989 1519 2023 ac
1562 1970 1855 2041 virtutem,
1900 1992 2180 2047 genusque

454 2093 648 2148 pugnae
684 2070 829 2125 idem
861 2069 1087 2137 habere3
1123 2079 1383 2144 tantoque
1415 2069 1499 2123 his
1532 2072 1810 2146 sagaciora
1841 2091 1980 2140 esse,
2014 2092 2179 2146 quam

452 2171 557 2225 illis
602 2171 853 2247 ingenia,
893 2179 1099 2243 quanto
1144 2165 1380 2243 longiori
1419 2188 1481 2222 ac
1523 2168 1817 2224 difficiliori
1859 2170 2036 2244 spatio
2081 2191 2179 2246 per

453 2271 743 2347 Illyricum
765 2268 1168 2342 Thraciamque
1192 2266 1521 2342 prodierint,
1547 2289 1700 2343 paene
1725 2270 2008 2345 operosius
2031 2283 2178 2326 tran-

453 2373 567 2426 sitis
610 2370 826 2425 illorum
870 2368 1095 2437 finibus,
1133 2388 1297 2442 quam
1344 2368 1437 2421 ubi
1484 2368 1858 2437 consederint,
1901 2373 2176 2445 possessis

451 2477 570 2528 Jam
609 2473 782 2547 ipsam
816 2468 1030 2524 Italiam
1066 2466 1255 2521 audire
1296 2488 1349 2521 se
1386 2488 1704 2543 nunquam,
1738 2481 1799 2523 ut
1837 2473 2012 2524 Roma
2051 2491 2180 2525 con-

454 2572 566 2626 dita
595 2571 686 2640 sit,
718 2571 844 2623 satis
874 2568 950 2622 illi
979 2586 1258 2644 pacatam,
1288 2567 1382 2621 sed
1412 2567 1625 2622 assidue
1655 2589 1752 2644 per
1784 2589 1970 2623 omnes
2005 2590 2176 2625 annos

457 2692 555 2748 pro
601 2668 852 2724 ‘libertate
901 2667 1067 2733 alios,
1112 2666 1378 2741 quosdam
1422 2668 1587 2722 etiam
1625 2688 1725 2742 pro
1759 2669 1881 2742 jure
1928 2670 2176 2744 imperii,

454 2770 608 2825 bellis
661 2769 933 2824 continuis
984 2788 1388 2844 perseverasse3
1440 2780 1491 2821 et
1543 2788 1572 2821 a
1624 2766 1809 2821 multis
1861 2769 2173 2823 civitatibus

456 2869 625 2926 Italiae
656 2868 861 2923 deletos
885 2872 1259 2923 Romanorum
1291 2868 1556 2921 exercitus
1585 2867 1755 2937 ferro,
1787 2887 1817 2921 a
1848 2869 2172 2942 quibusdam

458 2992 602 3025 novo
638 2969 978 3025 contumeliae
1016 2988 1168 3023 more
1205 2968 1303 3021 sub
1332 2969 1530 3044 jugum
1565 2968 1769 3020 missos.
1806 2970 1886 3022 Ac
1923 2989 1990 3022 ne
2024 2981 2172 3023 vete-

461 3070 607 3123 ribus
640 3069 964 3122 immoretur
992 3066 1276 3142 exempli8‚
1305 3068 1408 3121 hoc
1437 3067 1550 3141 ipso
1584 3078 1829 3140 tempore
1859 3068 2170 3122 universam

461 3166 671 3221 Italiam
696 3165 839 3221 bello
865 3167 1095 3220 marsico
1122 3165 1544 3231 consurrexisse,
1569 3185 1678 3218 non
1701 3165 1811 3238 jam
1837 3164 2140 3220 libertatem
2159 3210 2172 3231 ‚

463 3266 553 3319 sed
581 3270 914 3321 consortium
945 3266 1160 3340 imperii
1184 3265 1525 3338 civitatisque
1549 3277 1877 3338 poscentem.
1911 3267 2026 3321 Nec
2051 3286 2171 3340 gra-
