2248 3697
575 164 1019 208 HISTORIARUM
1054 165 1165 208 LIB.
1203 166 1422 210 XXXIV.
1806 173 1830 216 G
1842 173 1864 216 3

140 293 227 325 ros
279 268 550 345 Popilium
603 270 940 339 Antiochus,
998 289 1167 342 quum
1216 272 1403 324 Romae
1452 271 1608 326 obses
1656 275 1861 351 esset};

140 386 269 426 tunc
301 370 540 447 Popilius
583 371 844 425 facessere
888 371 1107 424 interim
1143 371 1412 445 privatam
1445 374 1736 428 amicitiam
1776 375 1863 450 ju-

138 474 262 541 bet,
306 493 474 547 quum
540 471 796 525 mandata
850 472 1034 546 patriae
1084 470 1424 525 intercedant
1476 495 1485 526 :
1538 474 1861 551 prolatoque

138 584 352 626 senatus
381 570 621 640 decreto,
650 584 702 624 et
733 570 961 638 tradito,
992 591 1161 644 quum
1192 572 1439 624 cunctari
1465 592 1588 625 eum
1621 573 1858 643 videret,

136 669 698 747 consultationemque
726 670 795 725 ad
818 674 1018 726 amicos
1045 670 1271 738 referre,
1306 670 1378 725 ibi
1408 671 1651 745 Popilius
1680 675 1859 751 virga,

136 790 301 843 quam
343 770 396 823 in
435 791 601 825 manu
638 771 882 846 gerebat,
915 769 1098 845 amplo
1130 769 1340 824 circulo
1372 769 1642 825 inclusum
1665 815 1678 842 ,
1717 786 1777 826 ut
1808 787 1860 827 et

135 872 336 925 amicos
376 885 618 948 caperet,
665 870 950 926 consulere
976 872 1159 946 jubet3
1207 892 1305 925 nec
1339 872 1492 947 prius
1535 871 1656 926 inde
1687 874 1857 936 exire,

134 991 295 1045 quam
332 992 653 1046 responsum
690 972 900 1026 senatui
935 971 1116 1041 daret,
1152 984 1244 1025 aut
1278 991 1494 1047 pacem,
1528 983 1622 1026 aut
1654 970 1857 1026 bellum

135 1090 258 1123 cum
303 1072 563 1125 Romanis
606 1071 942 1124 habiturum.
983 1070 1238 1145 Adeoque
1287 1071 1398 1124 haec
1439 1072 1700 1146 asperitas
1746 1073 1860 1125 ani-

134 1191 284 1224 mum
327 1171 467 1244 regis
507 1170 692 1244 fregit,
743 1182 801 1222 ut
843 1171 1155 1243 pariturum
1208 1190 1262 1222 se
1306 1171 1515 1223 senatui
1562 1170 1857 1245 responde-

134 1281 231 1321 ret..
279 1271 552 1322 Reversus
603 1269 657 1321 in
705 1289 938 1344 regnum
987 1267 1329 1336 Antiochus,
1377 1267 1622 1338 decedit,
1669 1268 1858 1324 relicto

132 1367 360 1444 parvulo
403 1367 699 1422 admodum
741 1367 854 1422 filio
895 1390 904 1422 :
944 1369 1031 1422 cui
1076 1389 1244 1443 quum
1290 1381 1497 1422 tutores
1538 1368 1650 1423 dati
1692 1390 1723 1422 a
1762 1390 1858 1444 po-

133 1466 263 1541 pulo
298 1480 502 1535 essent,
540 1479 770 1542 patruus
811 1469 924 1541 ejus
965 1468 1314 1535 Demetrius,
1353 1468 1445 1541 qui
1479 1468 1634 1521 obses
1668 1471 1855 1521 Romae

131 1580 276 1637 erat,
323 1569 544 1643 cognita
592 1579 767 1621 morte
816 1567 1075 1622 Antiochi
1125 1566 1339 1636 fratriS,
1392 1579 1640 1621 senatum
1691 1567 1855 1634 adiit,

130 1695 153 1717 a
177 1669 529 1743 obsidemque
552 1689 620 1739 ,se
653 1669 778 1722 vivo
811 1667 980 1722 fratre
1014 1669 1250 1737 venisse,
1283 1688 1390 1742 quo
1422 1679 1666 1738 mortuO,
1701 1668 1855 1741 cujus

129 1772 281 1824 obses
315 1770 413 1835 sit,
448 1788 501 1823 se
533 1770 803 1844 ignorare.
840 1768 1062 1821 Dimitti
1096 1768 1264 1843 igitur
1297 1788 1350 1821 se
1388 1767 1455 1821 ad
1495 1788 1728 1843 regnum
1768 1789 1857 1843 pe-

129 1868 354 1923 tendum
395 1888 612 1943 aequum
653 1888 797 1939 esse,
833 1866 982 1942 quod
1024 1867 1183 1922 sicuti
1220 1867 1341 1942 jure
1378 1868 1621 1943 gentium
1660 1869 1852 1943 majori

129 1969 281 2022 fratri
322 1969 572 2033 cesserit,
608 1968 683 2021 ita
716 1988 862 2022 nunc
896 1966 1030 2037 sibi,
1068 1968 1161 2041 qui
1198 1965 1472 2041 pupillum
1511 1979 1666 2020 aetate
1705 1980 1855 2021 ante-

128 2068 311 2138 cedat,
349 2068 600 2122 deberi.»
639 2069 826 2139 Quum
864 2088 918 2120 se
954 2087 1063 2120 non
1103 2066 1302 2119 dimitti
1339 2065 1795 2122 animadverteret
1826 2089 1854 2122 a

128 2178 352 2235 senatu,
404 2170 571 2222 tacito
611 2168 855 2243 judicio,
908 2168 1079 2220 tutius
1133 2165 1278 2242 apud
1332 2164 1638 2241 pupillum,
1692 2188 1851 2241 quam

128 2266 272 2341 apud
308 2287 462 2333 eum,
496 2288 723 2343 regnum
762 2268 1011 2321 futurum
1051 2266 1379 2335 arbitrante,
1414 2267 1588 2340 specie
1621 2267 1853 2321 venandi

128 2367 193 2419 ab
226 2366 359 2420 urbe
394 2366 698 2441 profectus,
739 2368 943 2421 Hostiae
985 2368 1179 2420 tacitus
1216 2386 1341 2419 cum
1382 2364 1521 2439 fugae
1562 2366 1853 2420 comitibus

129 2487 321 2519 navem
362 2464 692 2519 conscendit.
734 2465 962 2519 Delatus
1004 2466 1059 2518 in
1103 2466 1345 2539 Syriam,
1390 2464 1631 2518 secundo
1670 2464 1854 2519 favore

128 2566 372 2618 omnium
416 2566 686 2640 excipitur
731 2587 741 2618 z
789 2585 1131 2640 regnumque
1178 2565 1257 2633 ei,
1300 2565 1481 2618 occiso
1532 2563 1778 2639 pupillo,
1824 2586 1854 2617 a

131 2666 402 2719 tutoribus
433 2664 686 2719 traditur.

209 2767 302 2819 IV.
353 2765 560 2819 Eodem
588 2765 698 2819 fere
730 2777 973 2839 tempore
1004 2765 1250 2833 Prusias,
1281 2784 1374 2817 rex
1400 2764 1694 2838 Bithyniae,
1725 2784 1853 2817 con-

127 2861 308 2917 silium
342 2867 487 2939 cepit
515 2864 875 2919 interficiendi
904 2863 1222 2917 Nicomedis
1250 2862 1374 2932 filii,
1406 2862 1538 2916 dum
1570 2861 1852 2917 consulere

129 2962 309 3016 studet
336 2965 640 3018 minoribus
670 2963 822 3034 filiis,
850 2984 986 3037 quos
1017 2983 1082 3017 ex
1111 2983 1345 3016 noverca
1370 2963 1485 3036 ejus
1516 2975 1849 3037 susceperat,

127 3074 178 3115 et
213 3065 402 3116 Romae
435 3063 684 3118 habebat.
728 3063 833 3118 Sed
871 3085 953 3116 res
987 3061 1313 3116 adolescenti
1354 3063 1419 3116 ab
1458 3063 1566 3129 his,
1602 3063 1694 3136 qui
1726 3061 1853 3116 faci-

128 3183 230 3214 nus
264 3175 638 3236 susceperant,
673 3162 957 3237 p1·0ditur;
990 3163 1303 3235 hortatique
1339 3174 1490 3230 sunt,
1526 3186 1550 3211 ι(
1570 3174 1630 3215 ut
1662 3161 1854 3216 crude-
