2315 3868
676 340 930 385 HISTORI
940 340 1003 382 As
1040 336 1140 381 PH]
1151 334 1444 379 LIPPICAS.
1830 331 1919 374 203

198 437 363 496 Neque
386 437 526 481 variis
553 437 835 481 lectionibus
868 434 1080 477 codicum
1105 432 1349 490 quicquam
1376 430 1451 473 hic
1481 429 1612 472 locus
1640 426 1888 485 adjuvatur
1913 444 1921 469 ;

199 513 248 556 in
291 522 417 558 textu
455 516 597 558 habes
632 511 1057 570 antiquissimorum
1091 518 1135 552 et
1180 508 1466 566 optimorum
1502 506 1923 565 manuscriptorum

201 591 474 647 lectionem3
503 592 580 635 alii
606 590 790 634 codices
817 588 926 631 item
959 586 1140 644 antiqui
1163 585 1374 643 praebent
1398 584 1516 627 adeo
1542 585 1698 642 plures
1733 597 1880 626 annos
1912 598 1921 625 :

199 670 439 728 nongentis
473 670 661 728 triginta
684 676 903 725 quatuor,·
939 664 1016 708 alii
1055 680 1153 707 non
1181 662 1289 706 mali
1326 661 1510 705 codices
1536 677 1545 704 :
1577 661 1866 719 noningentis
1885 669 1928 702 et

197 745 370 804 viginti
394 755 618 805 quatuor;
661 752 869 787 recentes
912 742 1050 786 codd.
1084 758 1093 784 :
1128 741 1421 799 noningentis
1467 749 1513 781 et
1542 738 1891 797 quatuordecim
1909 753 1926 790 ,-

198 821 437 864 Mediceus
478 822 594 864 alter
625 837 634 863 τ
668 820 959 879 noningentis
999 829 1041 863 et
1068 829 1293 878 quatuor;
1337 817 1461 859 solus
1493 814 1597 858 cod.
1641 813 1883 872 Pragensis
1918 830 1926 855 τ

202 897 479 957 octingentis
503 907 549 940 et
582 898 749 957 viginti
767 908 972 957 quatuor.

273 973 462 1017 Centum
485 976 740 1034 nonaginta
766 975 941 1018 (luobus
972 976 1118 1017 amn's.
1146 975 1180 1016 I.
1218 988 1254 1015 e.
1282 973 1340 1016 ab
1374 971 1510 1014 initio
1542 966 1677 1026 regni
1702 966 1927 1025 Philippi,

198 1049 279 1107 qui
318 1050 494 1108 primus
529 1052 839 1096 macedonum
882 1067 1043 1111 regum
1077 1050 1224 1093 aliena
1273 1063 1514 1106 aggressus
1549 1054 1640 1100 est,
1680 1061 1718 1087 a.
1762 1043 1855 1087 360
1889 1059 1927 1086 a.

201 1128 249 1168 (ἶ.
285 1127 342 1170 N.
393 1144 536 1187 usque
582 1129 641 1173 ad
676 1138 859 1187 captum
904 1131 1151 1185 Perseum,
1190 1126 1279 1172 168
1318 1128 1367 1169 C.
1408 1126 1465 1168 N.
1515 1126 1715 1181 Magnus
1759 1136 1930 1164 manu-

201 1203 482 1262 scriptorum
510 1221 729 1249 numerus
763 1206 953 1249 exhibet
983 1216 1161 1249 centum
1188 1203 1524 1264 quinquaginta
1551 1199 1727 1243 duobus
1752 1214 1766 1240 .·
1791 1212 1931 1256 quam

201 1279 450 1324 lectionem
476 1282 513 1325 si
545 1283 747 1340 probas,
780 1282 839 1325 ab
875 1281 1130 1326 Alexandri
1159 1289 1310 1323 morte
1341 1276 1628 1335 computatio
1664 1273 1931 1318 inchoanda

203 1357 303 1399 erit.
335 1359 434 1401 MS.
467 1358 709 1415 Pragensis
739 1373 794 1399 eL
834 1357 1052 1410 exhibet,
1080 1358 1218 1413 plane
1254 1364 1303 1397 ut
1338 1354 1521 1409 Livius,
1557 1354 1645 1395 loc.
1681 1351 1758 1394 cit.
1786 1367 1795 1393 :
1826 1370 1843 1388 «
1873 1349 1932 1391 ab

203 1447 384 1475 summo
409 1432 610 1476 culmine
646 1433 842 1476 fortunae
876 1433 934 1476 ad
967 1433 1180 1476 ultimum
1221 1430 1361 1474 finem
1397 1446 1585 1489 regnum
1620 1428 1934 1471 Macedonum

203 1517 389 1551 centnm
417 1518 462 1553 et
487 1509 824 1568 quinquaginta
851 1525 999 1552 annos
1028 1509 1166 1552 stetit.
1190 1528 1207 1547 »

270 1587 465 1645 Leges...
493 1602 522 1627 a.
551 1588 706 1629 Panlo
738 1586 929 1644 accepit.
972 1587 1042 1628 De
1076 1585 1246 1643 quibus
1279 1584 1374 1627 haec
1418 1582 1560 1626 refert
1599 1582 1782 1636 Livius,
1816 1595 1931 1634 XLV,

203 1678 239 1707 c.
269 1662 327 1705 32
356 1678 365 1704 z
393 1682 410 1701 «
434 1664 578 1720 Leges
607 1662 897 1705 Macedoniae
926 1661 1056 1705 dedit
1081 1677 1182 1704 cum
1202 1669 1328 1703 tanta
1358 1675 1488 1714 cura,
1519 1667 1565 1701 ut
1591 1674 1689 1701 non
1718 1656 1932 1700 hostibus

205 1739 363 1794 victis,
393 1739 473 1783 sed
508 1739 644 1783 sociis
676 1740 797 1783 bene
833 1738 1010 1782 meritis
1055 1739 1168 1782 dare
1206 1738 1470 1788 videretum
1506 1744 1549 1779 et
1584 1751 1698 1794 quas
1740 1750 1799 1778 ne
1827 1749 1932 1777 usus

207 1815 395 1874 quidem
438 1816 584 1873 longo
627 1824 864 1874 tempore,
901 1816 980 1874 qui
1014 1830 1130 1858 unus
1177 1823 1243 1858 est
1282 1815 1436 1872 legum
1482 1819 1741 1866 corrector,
1785 1825 1932 1869 expe-

205 1892 374 1935 riendo
410 1900 680 1950 argueret.»
714 1894 890 1936 Notum
925 1901 992 1935 est
1019 1892 1156 1935 etiam
1190 1907 1247 1934 ex
1279 1889 1467 1934 Valerio
1504 1888 1737 1943 Maximo,
1769 1890 1932 1930 Mace—

208 1969 357 2012 dones
380 1969 589 2024 nobiles,
619 1969 697 2027 qui
722 1971 882 2012 Romae
914 1978 1072 2023 erant,
1104 1984 1247 2027 quum
1281 1968 1449 2012 Paulus
1477 1965 1691 2011 AEmilius
1719 1979 1932 2008 morere—

206 2055 307 2101 tur,
324 2046 373 2089 id
397 2046 485 2089 sibi
511 2046 781 2105 expetiisse,
800 2055 846 2089 ut
869 2061 1038 2104 corpus
1063 2046 1179 2103 ejus,
1210 2054 1260 2088 ut
1284 2059 1569 2087 summorum
1598 2039 1935 2085 beneficiorum

208 2124 408 2167 auctoris
426 2157 437 2178 ,
466 2123 524 2166 ad
549 2124 807 2181 sepulcrum
841 2123 1045 2166 humeris
1071 2123 1163 2166 suis
1187 2122 1437 2166 deferrent.

277 2200 440 2259 Ibz'qne
462 2201 555 2243 diu.
579 2234 588 2242 .
615 2201 838 2243 (letemus.
868 2201 971 2242 Hoc
1006 2216 1104 2243 non
1135 2199 1322 2253 AEtolis,
1363 2197 1441 2240 sed
1476 2195 1692 2246 Achoeis,
1739 2194 1935 2249 accidit3

208 2276 367 2334 priora
399 2285 550 2319 autem
580 2293 687 2321 vere
722 2277 940 2320 narravit.

740 2433 811 2475 IN
850 2433 1126 2476 LIBRUM
1163 2432 1407 2474 XXXIV.

281 2571 335 2612 In
362 2569 433 2613 his
457 2571 596 2613 rebus
626 2569 846 2628 Polybius
877 2569 1080 2627 optimus
1108 2569 1232 2611 inter
1255 2576 1433 2611 veteres
1458 2575 1618 2610 auctor
1641 2565 1902 2610 habebatur
1927 2583 1934 2608 :

215 2663 306 2705 quo
335 2663 443 2691 usus
469 2647 605 2690 etiam
631 2648 812 2706 Trogus
841 2662 937 2690 esse
964 2646 1149 2690 videtur
1174 2663 1182 2688 :
1211 2661 1234 2689 e
1261 2644 1458 2704 Polybio
1481 2659 1595 2687 vero
1620 2643 1677 2687 de
1704 2643 1775 2686 his
1800 2642 1937 2701 gestis

216 2723 333 2766 nihil
365 2724 455 2767 nisi
486 2733 697 2781 excerpta
731 2723 872 2766 hodie
906 2732 1099 2766 exstant.
1140 2723 1346 2766 Jusiinus
1381 2722 1428 2764 in
1458 2723 1617 2779 Trogo
1643 2718 1937 2778 excerpendo

217 2801 374 2844 omisit
408 2816 480 2845 res
520 2800 738 2844 Eumenis
772 2809 815 2842 et
847 2799 1064 2842 Antiochi
1102 2809 1227 2855 gesta
1260 2809 1363 2842 ante
1395 2800 1569 2842 bellum
1612 2797 1938 2857 aegyptiacum,

217 2877 418 2936 denique
441 2893 514 2920 res
536 2876 792 2935 Epiphanis
817 2876 1054 2919 Ptolemaei
1080 2885 1123 2918 et
1147 2875 1282 2919 Attali
1307 2875 1478 2918 bellum
1505 2890 1607 2917 cum
1625 2872 1936 2932 Selgensibus.

283 2955 388 2997 CAP.
421 2956 458 2997 I.
488 2956 658 2998 Narrat
689 2955 862 2997 bellum
889 2955 1160 3005 achaicum,
1194 2953 1251 2996 de
1277 2968 1370 3010 quo
1398 2952 1567 2994 multus
1595 2960 1662 2993 est
1693 2950 1940 2994 Pausanias

218 3031 263 3072 in
299 3031 534 3075 Achaicis.
568 3058 633 3065 —
663 3032 881 3075 Constitit
913 3032 1180 3074 Achaeorum
1218 3030 1502 3086 respublica,
1528 3044 1664 3087 quam
1697 3028 1939 3087 Polybius,

219 3124 283 3161 11,
309 3123 348 3150 c.
376 3106 459 3163 38,
488 3117 704 3166 tanquam
732 3109 968 3167 exemplar
989 3109 1108 3151 bene
1134 3107 1390 3150 constitutae
1415 3105 1679 3164 reipublicae
1704 3120 1939 3148 commen-

220 3185 320 3237 dat,
356 3185 575 3229 societate
601 3187 779 3245 aliquot
804 3186 1008 3239 urbium,
1038 3185 1112 3227 cui
1136 3186 1364 3242 pleraeque
1391 3199 1501 3226 mox
1528 3182 1842 3239 Peloponnesi
1869 3181 1937 3224 ci—

219 3260 384 3304 vitates
427 3277 524 3304 sese
555 3262 882 3319 adjunxerunt,
923 3264 1037 3304 Tam
1070 3270 1190 3304 arcta
1228 3275 1339 3304 vero
1371 3261 1534 3302 barum
1571 3258 1806 3302 civitatum
1843 3268 1938 3302 erat

219 3337 510 3393 conjunctio.
553 3346 601 3379 ut
632 3339 776 3381 veluti
817 3355 901 3380 nna
937 3338 1096 3380 civitas
1133 3338 1318 3381 diverso
1351 3337 1571 3380 moenium
1612 3337 1786 3379 ambitu
1819 3352 1934 3379 con—-
