2315 3868
408 380 495 430 204
831 375 1315 420 ADNOTATIONES
1352 378 1419 420 IN
1455 378 1689 422 JL'STINI

408 482 532 516 stans
561 470 799 513 videretur
815 486 926 514 esse.
967 472 1273 516 Communem
1305 489 1366 517 eae
1397 474 1632 518 habebant
1661 476 1976 535 magistratum
2000 508 2010 525 ‚
2038 490 2113 518 ce-

410 557 555 591 terum
586 545 776 604 singulae
809 563 996 606 quoque
1034 550 1125 593 suis
1163 551 1408 594 territoriis
1425 551 1528 607 jura
1553 551 1927 610 praescribebant.
1953 551 2117 608 Neque

405 623 494 665 ulla
526 621 601 665 hic
630 621 755 666 inter
785 623 994 668 civitates
1025 627 1273 684 opulentiae
1303 627 1378 670 vel
1407 627 1643 686 dignitatis
1673 629 1792 673 ratio
1819 627 1999 682 habita3
2027 627 2117 670 mi—

405 697 531 741 nima
557 713 714 741 earum
739 715 864 758 aeque
891 700 963 757 jus
998 702 1324 759 suffragiorum
1351 703 1573 758 habebat,
1607 715 1743 763 atque
1772 705 1994 757 maxima,
2029 703 2119 746 nisi

402 775 505 831 plus
540 776 767 818 momenti
803 785 940 834 atque
975 777 1258 821 auctoritatis
1286 779 1476 822 consilia
1508 781 1853 839 opulentiorum
1882 780 2118 824 civitatum

403 849 505 908 ipso
537 860 703 894 eventu
735 852 967 896 afferrent.
1001 853 1219 908 Quandiu
1245 854 1421 911 justitia
1457 865 1502 899 et
1531 859 1781 901 concordia
1814 857 1882 900 ibi
1911 857 2119 916 regimen

403 940 537 968 suum
567 927 734 982 tenuit,
768 929 904 972 nullae
929 928 1117 987 quidem
1140 946 1333 989 usquam
1363 933 1652 990 conglobatae
1681 942 1839 991 gentes
1868 934 1971 976 illos
1999 932 2118 976 solio

403 1016 485 1044 suo
510 1002 709 1059 dejicere
740 1005 982 1061 valebant3
1022 1015 1066 1049 at
1097 1007 1179 1050 ubi
1212 1007 1402 1051 virtutes
1434 1008 1521 1051 illae
1552 1009 1600 1051 in
1623 1009 1836 1052 exsilium
1866 1009 2038 1062 missae,
2074 1018 2118 1051 et

404 1078 596 1123 avaritia
638 1089 682 1123 et
714 1081 948 1125 honorum
980 1083 1285 1127 immoderata
1316 1085 1488 1143 cupido
1518 1086 1695 1129 animos
1726 1085 1911 1128 illorum
1937 1084 2116 1127 labefa-

403 1155 564 1209 ctavit,
604 1156 942 1216 discordiaeque
977 1175 1187 1217 sparsum
1215 1169 1282 1204 est
1319 1176 1573 1216 venenum,
1606 1161 1795 1205 tandem
1829 1160 2115 1204 nobilissima

401 1231 660 1289 respublica
677 1232 864 1281 interiit.
885 1236 992 1279 Haec
1007 1246 1113 1279 sunt
1131 1254 1230 1296 quae
1246 1238 1294 1280 in
1311 1238 1441 1281 libris
1465 1238 1555 1281 suis
1567 1246 1806 1282 exsecutus
1828 1246 1915 1291 est,
1933 1237 2120 1281 Achaeus

404 1315 449 1350 et
476 1307 601 1366 ipse,
636 1311 869 1369 Polybius.
903 1313 969 1356 Cf.
1002 1314 1139 1357 etiam
1164 1317 1488 1358 PLUTARCHUM
1520 1315 1568 1357 in
1603 1315 1706 1357 Vita
1729 1314 1881 1357 Arati.

469 1385 573 1427 CAP.
614 1386 675 1431 II.
713 1387 954 1431 Mummio.
991 1389 1087 1444 Qui
1122 1405 1177 1432 ex
1210 1406 1259 1433 ea
1294 1406 1344 1433 re
1372 1399 1478 1448 post
1504 1390 1737 1433 Achaicus
1773 1389 2119 1432 nominabatur.

404 1464 567 1504 Annus
602 1470 669 1505 est
702 1463 791 1515 146
828 1481 867 1507 a.
901 1467 950 1508 C.
987 1467 1044 1508 N.
1078 1468 1133 1508 In
1166 1481 1294 1524 seqq.
1328 1475 1484 1509 narrat
1515 1466 1729 1524 proelium
1765 1464 1880 1508 Diaei
1909 1465 2037 1508 ducis
2070 1465 2116 1507 in

401 1537 604 1590 Isthmo,
638 1538 718 1580 sed
750 1540 950 1597 praeterit
980 1541 1256 1585 antecedens
1291 1542 1340 1584 in
1373 1541 1578 1584 Phocide
1610 1540 1922 1583 commissum.

467 1614 589 1656 Dum
631 1615 735 1658 hoec
778 1626 987 1676 aguntur.
1034 1618 1149 1671 Quae
1182 1618 1277 1675 jam
1301 1627 1577 1677 sequuntur,
1608 1617 1670 1660 ita
1698 1624 1882 1659 narrata
1905 1624 2036 1671 sunt,
2073 1625 2121 1659 ut

402 1690 522 1734 bene
574 1691 773 1750 intelligi
818 1701 1076 1751 nequeant;
1123 1703 1343 1752 praeterea
1383 1695 1593 1753 quaedam
1639 1709 1736 1736 non
1770 1701 1892 1737 recte
1933 1691 2118 1736 tradita.

402 1766 680 1822 Antiochus,
721 1784 857 1827 quem
896 1769 970 1812 hic
1005 1770 1145 1824 dicit,
1183 1780 1250 1814 est
1281 1772 1548 1830 Epiphanes
1578 1771 1677 1822 ille,
1708 1769 1871 1828 Magni
1903 1768 2122 1812 Antiochi

402 1842 547 1899 filius,
578 1846 756 1898 Romae,
797 1861 889 1904 quo
917 1855 1136 1905 tanquam
1164 1848 1299 1891 obses
1324 1848 1596 1903 devenerat,
1625 1847 1870 1899 educatus3
1907 1845 1943 1888 is
1967 1845 2123 1888 Ptole-

402 1936 566 1963 maeum
600 1920 982 1978 philometorem,
1021 1923 1196 1967 sororis
1231 1924 1326 1981 ejus
1362 1925 1643 1982 Cleopatrae,
1679 1938 1815 1981 quam
1848 1922 2121 1965 Ptolemaeus

403 1997 669 2055 Epiphanes
705 1997 753 2040 in
785 1998 1084 2043 matrimonio
1116 2000 1362 2055 habuerat,
1389 2000 1704 2056 filium,bello
1737 2008 1804 2042 est
1834 2013 2073 2057 aggressus
2110 2015 2120 2040 z

403 2073 531 2130 cujus
554 2073 668 2117 belli
690 2073 933 2118 historiam
961 2091 1016 2119 ex
1040 2077 1256 2120 tenuibus
1281 2077 1561 2136 scriptorum
1589 2075 1775 2120 indiciis
1799 2076 1982 2135 egregie
2009 2091 2121 2119 con-

402 2149 607 2193 cinnavit
642 2149 852 2193 Valesius
899 2151 958 2194 ad
1001 2153 1243 2211 Excerpta
1280 2155 1603 2207 Peiresciana,
1653 2168 1698 2211 p.
1737 2153 1828 2210 309
1866 2168 1933 2210 sq.
1978 2153 2032 2194 In
2065 2167 2120 2195 eo

402 2242 545 2284 quum
569 2227 629 2269 ab
656 2227 982 2270 Alexandrinis
1008 2228 1056 2271 in
1084 2230 1236 2272 locum
1268 2229 1402 2287 ejecti
1425 2229 1752 2273 Philometoris
1777 2229 1919 2272 frater
1941 2228 2122 2286 junior,

404 2304 653 2361 Evergetes
687 2304 802 2347 alter
832 2305 906 2347 vel
941 2305 1184 2364 Physcon,
1231 2322 1312 2349 rex
1356 2307 1688 2365 appellaretur,
1725 2306 2008 2361 Antiochus,
2046 2322 2119 2350 re·—

403 2395 545 2438 gnum
570 2381 902 2430 Philometori,
935 2397 1131 2440 quocum
1160 2397 1319 2440 pacem
1348 2391 1698 2442 composuerat,
1735 2399 1782 2428 se
1815 2399 1911 2427 esse
1938 2383 2122 2426 restitu-

403 2466 555 2500 turum
586 2457 829 2512 simulans,
860 2459 1190 2501 Alexandriam
1220 2460 1405 2503 obsedit,
1440 2476 1449 2502 :
1486 2461 1655 2503 bellum
1683 2460 1844 2519 igitur,
1876 2469 1925 2504 ut
1954 2460 2015 2503 ait
2038 2460 2121 2503 Ju-

402 2533 570 2588 stinus,
603 2534 742 2591 infert
767 2536 902 2593 segni
925 2537 1200 2588 admodum,
1235 2546 1342 2591 eto,
1374 2537 1401 2580 i.
1430 2552 1468 2580 e.
1493 2538 1743 2580 Ptolemaeo
1768 2537 2015 2597 Physconi,
2047 2538 2123 2596 qui

404 2619 562 2669 aperte
593 2611 669 2654 hic
702 2611 992 2670 intelligitur.
1028 2613 1149 2657 Vide
1181 2616 1487 2657 Posmomum
1524 2614 1647 2673 apud
1678 2614 1976 2670 Athenaeum,
2017 2630 2089 2657 x11
2112 2647 2123 2668 ,

404 2702 449 2745 p.
483 2686 598 2745 549,
633 2689 683 2731 E.
712 2688 805 2731 Sed
827 2689 1061 2748 Physcon,
1094 2690 1173 2747 qui
1203 2691 1329 2733 bello
1355 2699 1448 2733 tum
1475 2691 1742 2748 petebatur,
1769 2706 1864 2734 non
1892 2699 1957 2733 est
1981 2705 2120 2748 reguo

401 2765 590 2822 pulsuS,
631 2773 678 2806 nt
709 2774 866 2808 narrat
893 2767 1053 2823 paullo
1085 2775 1191 2824 post
1224 2767 1456 2822 justinus,
1487 2768 1568 2811 sed
1597 2768 1765 2826 repulit
1789 2768 1940 2826 potius
1968 2766 2118 2824 impe-

407 2849 503 2882 tum
533 2840 757 2884 Antiochi
785 2858 795 2884 :
825 2858 917 2900 qno
953 2843 1074 2886 facto
1101 2844 1427 2887 Philometoris
1456 2844 1514 2887 ad
1547 2860 1647 2887 eum
1676 2843 1982 2901 confugientis
2012 2859 2122 2901 prem

404 2916 533 2960 cibus
563 2927 714 2961 motus
745 2934 848 2962 cum
882 2919 1023 2963 fratre
1053 2921 1344 2964 Alexandriae
1373 2921 1560 2965 tandem
1591 2930 1778 2980 recepto
1810 2919 1956 2962 foedus
1992 2919 2123 2968 iniit,

406 3001 457 3035 ut
492 2993 623 3036 simul
663 2995 801 3038 ambo
843 3006 1095 3054 regnarent
1134 2995 1220 3057 (V.
1253 2999 1466 3055 Livium,
1505 3014 1609 3052 XLV,
1649 3013 1683 3039 c.
1728 3012 1775 3038 11
1802 2993 1830 3056 ).
1868 2995 1983 3038 Inde
2015 2999 2120 3039 An-

406 3068 585 3112 tiochus
609 3086 690 3113 rex
714 3071 886 3114 bellum
914 3081 1073 3115 contra
1100 3074 1262 3117 ambos
1286 3075 1466 3133 magnis
1490 3074 1664 3116 viribus
1693 3072 1985 3123 instauravit,
2015 3088 2123 3116 con-

408 3145 592 3188 territus
630 3146 833 3205 denique
871 3149 931 3190 ab
965 3150 1116 3207 legato
1156 3165 1367 3194 romano.
1408 3155 1612 3208 Apparet
1646 3147 1807 3207 igitur,
1850 3150 1977 3208 prius
2014 3150 2121 3192 bel—

408 3219 523 3274 lum,
549 3223 675 3278 quod
699 3238 800 3265 cum
824 3224 1139 3269 Philometore
1163 3236 1340 3284 gestum
1365 3235 1454 3280 est,
1477 3225 1551 3267 hic
1575 3225 1800 3268 confundi
1825 3242 1924 3268 cum
1951 3225 2122 3268 infelici

409 3297 756 3351 oppugnatione
788 3300 1102 3355 Alexandriae,
1141 3311 1387 3360 postquam
1424 3302 1586 3344 fratres
1622 3301 1668 3343 in
1701 3301 1999 3345 concordiam
2041 3317 2118 3344 rc-

410 3368 589 3407 ‹liornnt
