2248 3697
601 209 989 253 HISTORIARU
992 211 1043 252 M
1081 211 1194 252 LIB.
1234 211 1409 254 XXIII.
1852 213 1876 254 ’ὃ

149 312 275 378 buS,
306 313 384 364 vis
414 311 590 365 morbi
619 313 797 386 coegit
824 333 834 364 ε
869 332 979 385 quo
1012 323 1128 365 toto
1162 332 1392 387 corpore
1425 316 1880 391 comprehensuS,

150 432 244 486 per
287 432 472 465 omnes
520 431 715 464 nervos
756 410 1128 486 articulosque
1173 411 1405 466 humore
1444 414 1700 489 pestifero
1735 436 1882 490 gras-

150 524 323 578 sante,
356 508 508 563 velut
533 510 792 563 intestino
812 508 1158 586 singulorum
1187 511 1562 566 membrorum
1594 512 1761 583 bello,
1785 516 1882 569 im-

150 610 513 686 pugnabatur.
553 612 635 664 Ex
679 630 789 683 qua
834 609 1212 685 desperatione
1258 608 1463 664 bellum
1516 612 1658 665 inter
1704 602 1877 668 filium

152 721 514 785 nepotemque
527 709 664 784 ejus,
678 730 911 784 regnum
925 709 1036 784 jam
1056 711 1211 784 quasi
1233 711 1439 764 mortui
1455 711 1881 784 vindicantibus,

149 810 360 876 oritur3
394 809 684 883 occisoque
715 807 861 879 filio,
893 829 1126 885 regnum
1158 830 1329 885 nepos
1366 803 1672 886 occupavit.
1703 813 1883 888 Igitur

149 907 475 984 Agathocles
496 951 509 975 ,
542 929 714 983 quum
749 908 928 962 morbi
964 929 1097 962 cura
1124 921 1178 963 et
1208 909 1477 985 aegritudo
1498 911 1775 986 graviores
1804 933 1884 965 es-

150 1021 301 1079 sent,
336 1021 389 1062 et
435 1010 576 1062 inter
627 1029 681 1063 se
715 1007 948 1063 alterum
985 1007 1209 1063 alterius
1254 1009 1398 1064 malo
1444 1023 1742 1080 cresceret,
1790 1012 1878 1065 de-

152 1110 380 1184 speratis
404 1108 566 1161 rebus
584 1151 597 1177 ,
621 1128 847 1161 uxorem
879 1129 1032 1162 suam
1057 1111 1360 1180 Texenam,
1391 1112 1713 1186 genitosque
1730 1132 1792 1166 ex
1824 1132 1886 1167 ea

152 1208 289 1262 duos
314 1205 603 1283 parvulos,
634 1227 758 1260 cum
790 1207 939 1261 omni
976 1209 1235 1284 pecunia,
1262 1221 1312 1263 et
1347 1208 1575 1280 familia,
1606 1210 1886 1287 regalique

150 1309 550 1376 instrumentO,
584 1328 694 1381 quo
723 1319 922 1383 praeter
958 1306 1113 1362 illum
1144 1329 1304 1364 nemo
1339 1331 1530 1386 regum
1561 1310 1727 1365 ditior
1753 1312 1884 1382 fuit,

150 1407 381 1461 navibus
417 1408 701 1483 impositos
726 1450 739 1474 ,
771 1409 1066 1483 AEgyptum
1088 1450 1101 1477 ,
1130 1408 1278 1463 unde
1310 1430 1537 1465 uxorem
1574 1424 1885 1486 acceperat,

149 1507 406 1573 remittit;
444 1507 667 1575 timens,
705 1526 774 1560 ne
811 1507 1127 1582 praedonem
1171 1510 1325 1583 regni
1377 1510 1460 1564 sui
1491 1510 1704 1564 hostem
1734 1525 1885 1587 pate-

150 1618 358 1660 rentur.
397 1607 735 1678 Quanquam
766 1626 906 1659 uxor
950 1605 1078 1675 diu,
1115 1627 1183 1660 ne
1218 1608 1285 1660 ab
1324 1629 1470 1683 aegro
1505 1608 1882 1680 divelleretur,

150 1705 440 1781 deprecata
476 1717 556 1758 est
577 1748 590 1774 ,
623 1725 691 1758 ne
725 1704 994 1759 discessus
1035 1726 1167 1759 suus
1199 1706 1429 1783 adjungi
1460 1709 1674 1783 nepotis
1709 1712 1880 1785 parri-

149 1806 290 1860 cidio
318 1817 502 1882 posset
521 1848 534 1875 ,
557 1816 606 1858 et
623 1817 734 1858 tam
767 1817 993 1859 cruente
1023 1805 1140 1860 haec
1168 1806 1469 1861 deseruisse
1492 1808 1698 1880 virum,
1717 1829 1881 1884 quam

149 1905 235 1960 ille
284 1907 635 1981 impugnasse
686 1926 880 1975 avum,
926 1905 1207 1960 videretur
1247 1928 1315 1960 1«
1334 1907 1612 1963 Nubendo
1660 1930 1715 1963 se
1770 1931 1881 1964 non

149 2026 423 2082 prosperae
457 2017 699 2074 tantum,
738 2004 830 2059 sed
861 2006 1037 2060 omnis
1069 2005 1304 2061 fortunae
1337 2007 1501 2062 inisse
1531 2009 1846 2063 societatem
1872 2032 1882 2064 :

151 2126 249 2160 nec
279 2106 506 2159 invitam
536 2104 781 2181 periculo
809 2106 1035 2181 spiritus
1055 2107 1137 2160 sui
1155 2119 1467 2182 empturam
1486 2152 1499 2179 ,
1532 2121 1594 2163 ut
1613 2122 1883 2165 extremos

152 2207 250 2258 viri
271 2206 495 2281 spiritus
514 2207 813 2282 exciperet,
845 2218 897 2260 et
927 2208 1309 2281 exsequiarum
1340 2207 1608 2278 officium,
1630 2210 1687 2263 in
1712 2211 1880 2284 quod,

152 2304 399 2380 profecta
428 2326 508 2374 se,
539 2326 699 2359 nemo
726 2307 794 2360 sit
830 2327 1207 2378 successurUS,
1242 2308 1506 2383 obsequio
1540 2308 1734 2364 debitae
1769 2312 1884 2385 pie-

148 2406 275 2459 tatis
306 2404 612 2480 impleret.»
653 2405 1010 2461 Discedentes
1051 2406 1268 2482 parvuli
1309 2406 1473 2461 flebili
1520 2407 1735 2463 ululatu
1771 2431 1882 2464 am-

149 2504 292 2581 plexi
330 2517 543 2581 patrem
586 2506 861 2560 tenebant.
903 2509 984 2561 Ex
1032 2505 1203 2561 altera
1237 2520 1393 2584 parte
1440 2529 1581 2563 uxor
1621 2511 1881 2564 maritum

152 2625 261 2658 non
300 2603 533 2680 amplius
566 2606 772 2677 visura,
808 2605 1006 2660 osculis
1040 2606 1321 2683 fatigabat.
1357 2608 1470 2663 Nec
1515 2609 1697 2663 minus
1742 2611 1883 2663 senis

149 2704 401 2780 lacrymae
420 2705 754 2760 miserabiles
775 2719 946 2761 erant.
979 2706 1210 2762 Flebant
1232 2709 1289 2762 hi
1309 2709 1632 2763 morientem
1652 2723 1882 2784 patrem,

151 2804 239 2859 ille
271 2804 482 2860 exsules
518 2804 717 2861 liberos
752 2828 761 2860 ε
796 2807 852 2860 hi
888 2806 1127 2860 discessu
1167 2828 1266 2862 suo
1297 2807 1648 2863 solitudinem
1681 2812 1882 2885 patris,

150 2906 280 2979 aegri
304 2906 472 2970 senis;
506 2904 594 2960 ille
624 2907 679 2959 in
711 2927 861 2982 spem
890 2908 1045 2982 regni
1073 2920 1353 2983 susceptos
1381 2906 1617 2984 relinqui
1646 2911 1700 2963 in
1735 2932 1883 2987 eges-

151 3015 260 3057 tate
300 3003 540 3081 lugebat.
573 3009 726 3060 Inter
766 3007 880 3061 haec
928 3008 1077 3083 regia
1106 3008 1310 3078 omnis,
1341 3009 1710 3063 assistentium
1743 3009 1882 3065 fleti-

151 3103 253 3156 bus
288 3114 399 3157 tam
435 3104 670 3160 crudelis
714 3106 927 3160 discidii
979 3105 1228 3183 impleta,
1276 3109 1582 3162 resonabat.
1637 3110 1881 3165 Tandem

148 3204 312 3259 finem
348 3204 596 3280 lacrymis
633 3209 921 3263 necessitas
947 3209 1304 3285 profectionis
1336 3211 1630 3285 imposuit,
1660 3223 1710 3265 et
1736 3233 1882 3266 mors

1597 3321 1637 3352 i,
