2315 3868
348 371 361 397 ι
375 354 432 398 32
916 352 1099 395 NOTAE
1138 351 1205 394 IN
1241 351 1475 394 JUSTINI

898 529 968 572 IN
1018 528 1307 571 LIBRUM
1352 527 1510 570 XXX.

412 663 516 706 CAP.
535 663 572 706 I.
605 662 898 722 Agathoclioe
914 663 1177 705 meretricis.
1209 660 1425 705 Meminit
1449 659 1747 713 Plutarchus,
1785 660 1831 701 in
1859 659 2066 711 Erotico,

349 754 446 798 cap.
477 753 546 781 10.
580 739 734 797 Vulgo
759 737 1068 796 Agathoclea?
1084 771 1098 790 ,
1137 737 1376 795 quomodo
1401 737 1540 780 habet
1564 736 1874 795 Hieronymus
1899 735 1946 777 in
1970 737 2070 779 Da-

347 816 540 870 nielem3
570 815 809 873 quomodo
834 812 1093 872 promiscue
1122 813 1285 856 Media
1316 821 1359 855 et
1392 813 1586 865 Medea,
1615 813 1789 855 Darius
1813 819 1857 854 et
1887 812 2073 853 Dareus

349 892 398 934 in
431 906 536 934 mss.
574 890 798 934 invenias.
837 890 956 932 Nam
993 911 1024 935 ει
1059 890 1324 932 Graecorum
1355 887 1573 930 utralibet
1604 887 1757 931 vocali
1788 887 1965 931 Latinis
1999 885 2068 929 ef-

351 968 509 1011 fertur.

419 1044 698 1103 Crepundia.
744 1043 939 1101 Vulgata
979 1041 1117 1085 lectio
1162 1040 1380 1098 tripudia.
1433 1039 1694 1098 Crepundia
1733 1038 1950 1081 videntur
1999 1037 2075 1080 hic

354 1135 471 1173 esse,
523 1119 585 1162 ait
633 1119 855 1175 Bongars.
873 1151 883 1171 ‚
934 1124 1222 1179 κροτοπαίγνια
1270 1115 1567 1174 crepitacula,
1605 1113 1734 1157 sistra
1781 1113 2078 1172 AEgyptiaca,

359 1196 558 1249 crotala,
587 1194 751 1252 quibus
775 1194 824 1236 in
852 1193 1176 1237 saltationibus
1200 1191 1451 1234 utebantur
1474 1199 1678 1244 veteres,
1702 1190 1903 1234 maxime
1921 1188 2081 1232 orien-

356 1272 466 1315 tales
502 1269 665 1329 populi
694 1285 703 1311 :
738 1278 785 1312 ut
818 1269 944 1328 apud
976 1271 1222 1311 Maronem
1253 1269 1365 1326 Syra
1394 1284 1403 1310 :

680 1383 858 1436 Crispum
879 1382 949 1421 sub
966 1382 1110 1422 crotalo
1131 1382 1243 1421 docta
1260 1396 1413 1421 movere
1431 1383 1543 1423 latus.

361 1501 629 1559 Crepundia
660 1501 844 1554 Plauto,
878 1500 983 1542 Mil.
1021 1500 1146 1542 Glor,
1166 1531 1181 1551 ‚
1219 1515 1266 1552 V,
1309 1515 1325 1540 1
1347 1532 1358 1552 ‚
1394 1499 1444 1553 6,
1477 1507 1584 1541 sunt
1616 1499 1891 1556 crepitacula
1926 1498 2085 1556 pueri-

363 1578 445 1633 lia,
479 1577 642 1636 gallice
662 1610 673 1631 ,
706 1577 786 1617 des
807 1575 962 1631 jouets
992 1572 1237 1630 d’ensans,
1266 1575 1347 1616 des
1376 1574 1566 1617 hochets
1584 1608 1597 1627 ,
1628 1576 1711 1618 des
1741 1577 1913 1633 grelots
1944 1591 1957 1615 :

599 1693 652 1729 Ut
668 1689 805 1728 faciam
821 1688 929 1741 quasi
949 1701 1069 1741 puero
1091 1688 1131 1726 in
1148 1687 1247 1726 collo
1268 1688 1463 1740 pendeant
1483 1688 1715 1743 crepundia.

366 1800 615 1853 Martialis,
647 1797 916 1857 Apophor.,
955 1812 1067 1850 xlv,
1101 1794 1188 1851 54,
1221 1797 1507 1854 crepitacula
1539 1805 1689 1839 vocat.

430 1879 534 1921 CAP.
568 1876 630 1918 II.
675 1873 944 1917 OEnanthe.
979 1872 1126 1930 Hujus
1149 1872 1462 1916 meminerunt
1487 1874 1781 1929 Plutarchus,
1822 1874 2089 1926 Cleomene,

369 1970 405 1997 c.
445 1951 531 2008 46;
564 1950 807 2010 Polybius,
852 1966 934 2005 xv,
971 1965 1027 2004 27
1065 1958 1109 1992 et
1157 1950 1238 2004 313
1274 1950 1541 2004 Athenaeus‚
1577 1966 1660 2004 vi,
1701 1950 1770 1992 13.
1804 1950 1876 1994 Ab
1911 1958 2094 2004 οἰνάνθη,

370 2029 472 2072 vitis
503 2026 687 2072 florens.
721 2029 776 2070 In
806 2025 1001 2084 vulgatis
1036 2025 1319 2070 editionibus
1353 2026 1568 2069 Euanthe
1601 2040 1712 2085 ergo
1746 2027 1866 2070 male
1902 2027 2095 2085 legitur,

370 2106 429 2149 ab
466 2112 649 2161 εὐανθής,
681 2103 873 2161 pulchre
908 2100 1095 2146 florens.

436 2181 538 2223 Cn.
565 2181 640 2223 IV.
678 2181 863 2221 Insulas
902 2178 1231 2222 Theramenem
1273 2187 1316 2221 et
1363 2179 1404 2221 T
1401 2178 1648 2222 herasiam.
1684 2178 1985 2222 Theramenis
2016 2178 2096 2221 in-

375 2258 471 2301 sula
501 2256 597 2309 hic,
629 2264 677 2298 ut
711 2264 754 2298 et
787 2270 945 2313 supra,
979 2271 1103 2309 xm,
1137 2270 1159 2310 7
1178 2288 1189 2309 ,
1214 2270 1301 2314 pro
1334 2255 1486 2298 Thera
1510 2255 1746 2313 accipitur.
1774 2255 1965 2310 Strabo,
1989 2256 2019 2298 1.
2041 2271 2057 2297 1
2086 2272 2095 2297 :

377 2335 538 2377 Medio
563 2334 681 2375 inter
716 2331 914 2374 leeram
948 2341 991 2374 et
1030 2331 1306 2374 Therasiam
1334 2333 1445 2373 loco.
1480 2330 1678 2385 Plinius,
1712 2331 1791 2374 lib.
1829 2347 1900 2386 11,
1933 2347 1969 2374 c.
2007 2330 2097 2386 87,

377 2409 530 2468 inquit
563 2411 857 2452 Automatam
890 2407 985 2451 sive
1027 2408 1216 2460 Hieram
1254 2405 1268 2466 <
1279 2407 1335 2450 de
1372 2422 1460 2464 qua
1495 2407 1688 2450 omnino
1724 2407 1950 2466 capienda
1990 2409 2098 2450 Jus-

381 2487 469 2529 tini
501 2483 673 2545 verba)
724 2493 904 2528 enatam
955 2498 1050 2526 esse
1098 2483 1219 2526 inter
1260 2483 1460 2525 Theram
1504 2492 1548 2526 et
1595 2483 1864 2528 Therasiam
1906 2483 2102 2538 insulas,

381 2560 671 2621 Olympiadis
696 2575 826 2614 CLVI,
863 2575 986 2602 anno
1028 2575 1085 2602 11.
1124 2560 1320 2613 Seneca,
1360 2560 1578 2602 Natural.
1625 2561 1829 2617 Quoest.,
1868 2576 1942 2615 VI,
1993 2574 2046 2602 21
2092 2577 2100 2601 :

389 2638 662 2681 Therasiam
731 2646 896 2679 nostroe
958 2636 1111 2679 oetatis
1174 2637 1405 2689 insulam,
1471 2637 1782 2694 spectantibus
1845 2638 2000 2680 nautis
2058 2638 2102 2678 in

382 2715 507 2757 mari
528 2716 675 2773 AEgeo
703 2723 893 2765 natam,
928 2713 1027 2771 quis
1059 2712 1281 2755 dubitat?
1316 2713 1480 2756 Insulae
1519 2713 1671 2756 Thera
1702 2714 1778 2757 vel
1823 2713 2103 2756 Theramene

383 2800 428 2834 et
468 2789 715 2842 Therasia,
743 2789 862 2832 forte
895 2796 1088 2846 repente
1123 2804 1179 2831 ex
1209 2789 1448 2847 profundo
1482 2790 1621 2832 maris
1649 2805 1752 2833 cum
1786 2789 1945 2833 calidis
1973 2789 2105 2848 aquis

384 2881 595 2920 emersae,
630 2866 748 2908 sicut
782 2874 826 2908 et
856 2865 1004 2907 insula
1041 2865 1211 2919 Hiera,
1247 2881 1268 2907 a
1302 2874 1417 2928 θέρω,
1452 2866 1690 2920 calefacio,
1733 2874 1911 2927 θέρεμοιι,
1957 2866 2104 2920 caleo,

386 2958 519 2997 uror,
538 2957 711 2985 nomen
730 2950 1033 3000 acceperunt;
1059 2941 1204 2984 Hiera
1228 2957 1339 2985 vero
1365 2942 1536 2996 insula,
1559 2941 1609 2984 id
1633 2950 1700 2984 est
1720 2941 1889 2984 Sancta
1905 2976 1917 2994 ,
1940 2956 2107 3000 graece,

389 3034 486 3076 quae
520 3018 659 3062 etiam
691 3017 845 3061 Plinio
879 3017 1047 3060 dicitur
1081 3020 1357 3070 Automata,
1394 3018 1483 3061 hoc
1514 3026 1579 3061 est
1606 3026 1771 3075 sponte
1797 3018 1973 3073 oblata,
2002 3033 2107 3061 casu

390 3094 664 3148 adveniens,
698 3093 841 3135 hodie
875 3101 1067 3136 vocatur
1103 3094 1357 3145 Santorini,
1406 3092 1679 3136 diminutive
1716 3093 1844 3151 quasi
1876 3109 1900 3135 a
1940 3093 2108 3136 Sancta

398 3169 560 3212 Thera.
595 3170 733 3212 Juxta
768 3184 868 3211 eam
903 3184 1027 3212 anno
1079 3185 1197 3224 1707
1233 3169 1393 3212 similis
1429 3169 1577 3212 insula
1626 3184 1683 3212 ex
1724 3170 1840 3213 mari
1872 3170 2111 3228 prosiluit,

396 3260 490 3302 quae
523 3245 582 3289 ad
615 3260 787 3288 annum
826 3260 940 3299 1711
979 3260 1125 3303 usque
1158 3245 1367 3288 accrevit.
