2315 3868
466 380 552 422 152.
1045 381 1230 423 NOTAE
1266 380 1331 423 IN
1369 380 1606 423 JUSTINI

461 482 655 526 Domini
679 482 976 542 excipiebant
990 499 1147 527 servos
1163 484 1433 527 liberalibus
1457 483 1704 538 conviviis,
1727 485 1913 543 ipsimet
1939 486 2181 528 servilibus

462 559 703 616 fungentes
736 560 1020 603 muneribus.
1056 560 1182 615 Quin
1208 560 1352 604 immo
1381 560 1624 619 mancipiis
1657 560 1843 619 quidvis
1875 561 2020 604 libere
2054 562 2184 619 loqui

461 634 645 678 licebat.
676 637 745 679 Eo
778 645 989 695 tempore
1017 636 1193 694 pileos,
1221 637 1447 681 libertatis
1468 638 1677 696 signum,
1701 638 1945 696 gestabant
1969 637 2112 693 servi,
2141 646 2185 680 et

463 711 627 755 calceis
661 712 974 771 ingenuorum
997 713 1338 768 induebantur,
1361 721 1476 757 teste
1491 715 1766 774 Porphyrio.

531 788 785 833 Palatium.
821 791 889 833 Ita
923 789 1052 833 dedit
1087 789 1291 832 eruditus
1333 790 1567 844 Lemaire,
1602 800 1646 834 et
1687 792 1918 845 Graevius,
1959 807 2108 847 1701,
2143 800 2188 834 et

465 865 676 907 Gronov.
710 880 881 923 nepos,
921 880 979 908 ex
1011 866 1158 923 Bong.
1190 874 1235 908 et
1263 866 1427 924 Thys.‚
1460 881 1601 924 quum
1636 867 1741 910 edd.
1768 883 1791 921 7
1822 867 2021 926 antiquae
2054 867 2187 910 exhi-

463 939 606 983 beant
639 942 943 993 Palatinum,·
977 956 1096 984 unus
1131 941 1280 985 codex
1322 942 1649 996 Palantinum,
1692 943 1816 986 unde
1858 944 2012 987 Burm.
2053 942 2190 986 finxit

466 1017 781 1069 Pallantium,
810 1017 907 1060 scil.
934 1018 1226 1072 Palantium,
1248 1017 1375 1076 quod
1392 1017 1522 1061 dedit
1538 1018 1744 1061 Graevius
1758 1052 1770 1073 ,
1794 1019 1912 1078 1694
1926 1053 1938 1074 ,
1955 1036 2013 1064 ex
2030 1021 2190 1073 Festo,

465 1092 546 1151 qui
580 1109 589 1135 :
625 1114 642 1131 «
677 1094 939 1148 Palatium,
969 1095 1142 1152 inquit,
1174 1110 1311 1137 mons
1342 1095 1505 1137 Romae
1536 1096 1797 1154 appellatus
1836 1105 1925 1152 est,
1964 1096 2091 1154 quod
2123 1096 2191 1139 ibi

466 1184 660 1228 pascens
692 1184 829 1228 pecus
858 1171 1018 1215 balare
1051 1171 1366 1226 consueverit,
1390 1171 1466 1214 vel
1491 1174 1692 1231 palare,
1716 1172 1767 1214 id
1799 1180 1887 1226 est,
1920 1187 2096 1226 errare,
2125 1172 2192 1215 ibi

467 1245 667 1303 pecudes
702 1247 920 1290 solerent.
956 1247 1074 1302 Alii,
1104 1247 1231 1306 quod
1258 1247 1325 1291 ibi
1361 1247 1658 1307 Hyperborei
1692 1247 1787 1291 filia
1822 1250 2027 1292 Palanto
2050 1248 2192 1292 habi-

468 1322 656 1377 taverit,
691 1338 790 1381 quae
832 1339 887 1367 ex
929 1326 1127 1368 Hercule
1167 1325 1382 1368 Latinum
1432 1326 1629 1384 peperit.
1666 1325 1756 1369 Alii
1789 1325 2023 1380 eumdem,
2066 1326 2194 1384 quod

470 1400 642 1442 Pallas
680 1399 748 1443 ibi
784 1402 988 1458 sepultus
1028 1401 1106 1456 sit,
1145 1401 1411 1445 existimant
1441 1401 1681 1460 appellari.
1722 1403 1992 1445 Palatualis
2022 1400 2193 1446 flamen

406 1472 409 1473 ⁷
471 1475 742 1518 constitutus
767 1485 859 1531 est,
888 1476 1014 1534 quod
1039 1477 1086 1518 in
1105 1479 1245 1519 tutela
1270 1477 1365 1533 ejus
1391 1477 1487 1520 deae
1509 1477 1732 1534 palatium
1756 1486 1835 1520 est.
1860 1497 1877 1515 »
1903 1479 1961 1520 Et
1993 1494 2048 1521 ex
2072 1479 2191 1521 Var—

470 1566 585 1594 rone
606 1567 614 1592 :
642 1571 660 1590 «
682 1552 867 1605 Quartae
889 1552 1096 1610 regionis
1121 1553 1380 1605 Palatium,
1408 1552 1473 1594 ait
1496 1554 1669 1606 Varro,
1698 1552 1825 1609 quod
1848 1554 2074 1596 Palantes
2091 1569 2193 1597 cum

470 1627 691 1670 Evandro
715 1636 969 1683 venerunt3
997 1637 1073 1672 aut
1091 1627 1218 1686 quod
1233 1628 1468 1680 Palatini,
1497 1628 1577 1686 qui
1603 1637 1647 1671 et
1673 1627 1975 1686 Aborigines,
2000 1644 2056 1672 ex
2084 1644 2196 1688 agro

471 1702 696 1758 Reatino,
730 1704 809 1763 qui
837 1705 1098 1762 appellatur
1132 1704 1398 1757 Palatium,
1429 1704 1497 1747 ibi
1528 1704 1852 1748 consederunt.
1882 1705 1974 1749 Sed
1996 1705 2087 1748 hoc
2118 1704 2197 1748 alii

472 1795 497 1821 a
537 1781 763 1834 Palatia,
816 1796 960 1824 uxore
1011 1780 1188 1835 Latini,
1233 1789 1467 1838 putarunt.
1515 1781 1742 1824 Eumdem
1805 1781 1930 1824 hunc
1975 1783 2128 1824 locum
2173 1798 2198 1825 a

472 1870 641 1914 pecore
673 1857 849 1900 dictum
883 1866 1047 1915 putant
1075 1856 1279 1915 quidam.
1307 1858 1472 1914 Itaque
1510 1857 1692 1900 Naevius
1725 1859 1998 1900 Balantium
2029 1859 2211 1917 appel-2

472 1932 549 1975 lat.
579 1952 597 1971 υ
635 1933 753 1977 Inde
785 1934 946 1992 Virgil.
968 1968 979 1988 ,
1012 1936 1142 1986 ΛΕΜ,
1170 1949 1297 1988 vlu,
1326 1932 1383 1976 50
1401 1960 1425 1965 -
1447 1931 1502 1985 53,
1526 1950 1534 1975 :

766 2056 936 2096 Arcades
955 2056 1013 2094 his
1032 2057 1109 2095 oris
1123 2087 1132 2104 ‚
1155 2071 1275 2108 genus
1292 2070 1314 2095 a
1334 2055 1518 2095 Pallante
1537 2056 1773 2109 profectum,

767 2125 847 2176 Qui
869 2139 1000 2177 regem
1021 2126 1247 2165 Evandrum
1264 2126 1424 2166 comites
1439 2156 1449 2174 ,
1474 2126 1541 2178 qui
1557 2126 1663 2178 signa
1683 2126 1856 2178 sequuti,

767 2196 954 2247 Delegere
974 2198 1100 2235 Iocum
1116 2227 1125 2244 ‚
1146 2205 1181 2235 et
1208 2210 1372 2249 posuere
1390 2197 1433 2236 in
1454 2196 1650 2235 montibus
1667 2197 1803 2235 urbem

768 2262 966 2303 Pallantis
992 2266 1126 2317 proavi
1145 2266 1192 2305 de
1212 2266 1390 2314 nomine,
1414 2264 1676 2304 Pallanteum.

478 2393 598 2436 Mihi
644 2409 828 2452 quoque
866 2395 1050 2438 videtur
1096 2395 1343 2454 legendum
1379 2405 1455 2438 aut
1495 2396 1791 2447 Palamium,
1838 2412 1862 2438 a
1887 2397 2088 2455 palari,
2128 2398 2202 2439 vel

479 2469 639 2513 melius
695 2471 982 2513 Pallantiane
994 2504 1009 2524 ,
1050 2487 1075 2515 a
1114 2487 1262 2529 graeco
1304 2480 1463 2528 πάλλω,
1495 2473 1645 2530 pello,
1681 2472 1842 2531 abigo,
1877 2472 2059 2531 quatio,
2090 2473 2205 2516 sicut

479 2549 697 2608 Luperci,
726 2548 985 2591 sacerdotes
1008 2548 1144 2591 Panis
1168 2549 1338 2607 Lycaei,
1370 2565 1394 2591 a
1423 2552 1555 2607 lupus
1587 2558 1631 2591 et
1655 2565 1792 2592 arceo
1802 2565 1821 2601 ,·
1856 2549 1970 2592 sicut
2009 2558 2054 2592 et
2088 2551 2204 2593 Pal-

482 2627 684 2668 lanteum
712 2625 834 2668 urbs.
873 2627 1106 2684 Lupercal
1130 2627 1256 2668 locus
1281 2635 1376 2669 erat
1411 2627 1496 2669 sub
1533 2627 1777 2669 Pallatino
1813 2627 1888 2669 vel
1930 2627 2204 2669 Pallantino

481 2709 662 2753 monte,
698 2701 813 2744 Pani
837 2710 1080 2759 pastorum
1105 2702 1194 2745 deo
1221 2711 1534 2756 consecratus,
1569 2702 1618 2744 in
1644 2717 1736 2760 quo
1755 2703 2028 2760 quotannis,
2044 2718 2202 2745 mense

482 2777 738 2832 februario,
780 2778 914 2821 Panis
957 2779 1242 2829 sacerdotes,
1288 2779 1366 2836 qui
1401 2779 1602 2837 Luperci
1634 2778 1936 2832 dicebantur,
1967 2780 2204 2836 Luperca—

484 2854 598 2897 libus
634 2854 684 2897 in
718 2855 972 2913 Lupercali
1026 2870 1154 2898 sacra
1192 2854 1439 2898 faciebant.
1475 2853 1689 2897 Instituta
1732 2862 1881 2896 autem
1919 2855 2204 2911 putabantur

482 2931 578 2974 haec
620 2946 749 2974 sacra
785 2932 844 2974 ab
884 2931 1132 2985 Evandro,
1164 2931 1211 2973 in
1256 2932 1486 2974 honorem
1526 2930 1664 2973 Panis
1706 2929 1855 2988 Lycaei
1888 2944 1966 2972 seu
2011 2931 2204 2990 Lupini,

484 3022 620 3065 quem
652 3008 855 3050 Arcades
889 3008 1027 3050 simili
1061 3008 1242 3051 honore
1279 3008 1509 3051 colebant.

547 3084 888 3143 Lupercalibus.
917 3084 1094 3127 Placuit
1117 3084 1319 3127 Varroni
1341 3084 1451 3127 inde
1476 3098 1701 3126 arcessere
1727 3100 1926 3138 nomen,
1956 3084 2083 3143 quod
2110 3086 2204 3126 Lu-

481 3162 610 3218 perci
638 3175 765 3203 sacra
797 3159 997 3203 facerent
1026 3160 1075 3202 in
1104 3162 1365 3220 Lupercali.
1396 3161 1507 3202 Erat
1531 3159 1653 3202 enim
1682 3161 1938 3219 Lupercal,
1965 3170 2078 3205 teste
2101 3162 2205 3203 Ser-

485 3237 584 3290 vio,
603 3238 821 3295 spelunca
849 3237 934 3280 sub
964 3246 1123 3280 monte
1152 3237 1390 3289 Palatino,
1422 3236 1471 3278 in
1502 3251 1592 3292 qua
1617 3251 1755 3293 capro
1784 3238 2017 3289 luebatur‚
2053 3237 2102 3279 id
2139 3245 2205 3279 est

486 3311 829 3357 sacrificabatur
866 3316 1074 3372 Luperco
1092 3347 1102 3364 ‚
1139 3314 1216 3371 qui
1255 3313 1378 3356 idem
1410 3321 1507 3355 erat
1535 3327 1628 3354 uon
1655 3322 1832 3357 tantum
1864 3330 1914 3357 ac
1942 3317 2137 3372 Lycoeus
2162 3322 2205 3355 et

486 3390 608 3442 Pan,
632 3398 680 3430 ut
711 3390 772 3431 ait
801 3399 980 3445 noster,
1005 3391 1082 3433 sed
1115 3391 1250 3433 etiam
1281 3388 1545 3432 Mercurius.
1577 3389 1797 3445 Ovidius,
1824 3391 1869 3433 in
1901 3391 2080 3442 Fastis,
2107 3391 2200 3432 Lu-
