2315 3868
615 312 1096 356 PHILIPPICARUM
1141 314 1350 356 TROGI.
1763 325 1774 351 1
1790 308 1849 351 63

123 412 268 466 Dein
312 413 544 483 Darius,
591 416 683 487 qui
731 434 855 466 cum
902 411 1242 480 Alexandr0‚
1287 412 1653 468 Macedonum
1696 432 1849 488 rege,

126 509 269 566 bello
301 511 561 566 conflixit.

637 640 989 676 PROLOGUS
1034 641 1214 676 LIBRI
1259 642 1339 675 XI.

204 758 513 814 Undecimo
544 757 824 812 volumine
859 759 1217 812 continentur
1252 778 1336 813 res
1369 770 1530 834 gestae
1562 756 1853 813 Alexandri

124 859 346 934 Magni,
383 878 556 932 usque
593 858 660 911 ad
698 858 979 911 interitum
1017 859 1160 934 regis
1193 860 1484 912 Persarum
1516 857 1687 912 Darii.
1727 858 1854 911 Dic-

130 970 304 1032 taeque
341 958 396 1011 in
430 978 648 1012 excessu
685 958 922 1032 origines
953 968 1005 1010 et
1038 977 1192 1032 reges
1224 958 1412 1012 Cariae.

634 1115 976 1150 PROLOGUS
1020 1114 1196 1150 LIBRI
1240 1114 1350 1149 XII.

207 1233 549 1288 Duodecimo
595 1231 875 1285 volumine
922 1232 1277 1285 continentur
1322 1226 1617 1285 Alexandri
1666 1232 1856 1305 Magni

129 1332 270 1386 bella
299 1333 587 1386 Bactriana
624 1341 676 1382 et
708 1328 898 1382 Indica
932 1349 1107 1403 usque
1139 1328 1208 1382 ad
1239 1330 1520 1383 interitum
1555 1329 1687 1403 ejuS.
1724 1330 1858 1383 Dic-

131 1446 305 1507 taeque
337 1430 391 1482 in
429 1449 650 1482 excessu
684 1448 768 1481 res
799 1449 829 1481 a
858 1427 1115 1502 praefecto
1148 1429 1264 1502 ejus
1293 1429 1585 1502 Antipatro
1618 1429 1674 1480 in
1706 1429 1858 1482 Grae-

131 1534 211 1586 cia
260 1541 448 1607 gestae,
495 1540 548 1581 et
591 1528 658 1581 ab
704 1527 1063 1597 Archidamo7
1110 1547 1237 1602 rege
1282 1526 1856 1596 Lacedaemoniorum,

129 1630 480 1703 Molossoque
511 1625 821 1683 Alexandro
852 1627 906 1679 in
937 1625 1120 1695 Italia,
1154 1646 1390 1700 quorum
1420 1626 1493 1679 ibi
1521 1638 1600 1680 est
1628 1638 1858 1701 uterque

137 1751 262 1785 cum
299 1729 541 1784 exercitu
581 1724 804 1780 deletus.
843 1729 1055 1784 Additae
1086 1725 1172 1785 his
1205 1728 1443 1805 origines
1476 1724 1674 1784 Italicae
1709 1728 1859 1801 Apu-

133 1828 339 1903 lorum,
368 1831 704 1901 Samnitum,
737 1831 1092 1900 Sabinorum3
1123 1842 1176 1883 et
1208 1841 1267 1882 ut
1296 1830 1569 1904 Zopyrion
1598 1830 1653 1882 in
1682 1832 1859 1883 Ponto

134 1953 258 1986 cum
291 1933 529 1986 exercitu
566 1932 746 2006 periit.

617 2088 966 2124 PROLOGUS
1011 2087 1190 2122 LIBRI
1234 2087 1374 2122 XIII.

211 2209 395 2262 Tertio
424 2208 639 2262 decimo
669 2205 945 2260 volumine
973 2206 1327 2259 continentur
1356 2205 1468 2259 haec
1495 2227 1506 2258 :
1536 2207 1614 2259 Ut
1642 2218 1863 2261 mortuo

137 2306 446 2364 Alexandro
473 2309 766 2382 optimates
792 2318 1097 2360 castrorum
1121 2306 1234 2379 ejus
1260 2306 1669 2380 provinciarum
1695 2307 1865 2382 impe-

139 2408 219 2461 ria
248 2408 354 2461 sint
383 2407 570 2482 partiti
600 2427 610 2459 :
646 2418 706 2459 ut
737 2405 1005 2473 veterani,
1037 2406 1131 2479 qui
1159 2405 1226 2458 ab
1254 2404 1443 2458 eodem
1471 2403 1595 2459 lecti
1626 2418 1779 2460 erant
1811 2408 1864 2460 in

138 2505 377 2561 colonias
400 2548 414 2574 ‚
464 2504 674 2575 moliti,
726 2503 930 2557 relictis
981 2502 1085 2557 illis
1107 2547 1120 2572 ‚
1165 2505 1219 2556 in
1267 2503 1532 2557 Graeciam
1580 2504 1756 2558 redire
1776 2548 1789 2574 ‚
1839 2527 1867 2559 a

137 2606 391 2681 Pythone
422 2606 529 2659 sint
562 2604 743 2659 deleti.
783 2602 995 2657 Bellum
1025 2603 1367 2671 Lamiacum,
1401 2602 1549 2677 quod
1580 2605 1869 2679 Antipater

141 2707 196 2758 in
229 2705 441 2760 Graecia
475 2705 653 2780 gessit.
697 2701 933 2771 Bellum,
968 2722 1078 2776 quo
1110 2700 1394 2755 Perdiccas
1429 2722 1609 2778 regem
1648 2704 1868 2757 Ariara-

145 2806 294 2858 them
325 2803 550 2874 occidit‚
586 2815 636 2857 et
660 2802 873 2857 occisus
914 2813 1008 2855 est.
1038 2800 1275 2871 Bellum,
1297 2822 1405 2876 quo
1430 2805 1700 2857 Eumenes
1725 2805 1870 2859 Neo-

143 2902 440 2979 ptolemum
459 2915 512 2958 et
532 2906 817 2958 Craterum
845 2900 1059 2955 occidit.
1074 2900 1284 2956 Additae
1306 2902 1360 2954 in
1387 2921 1606 2956 excessu
1629 2903 1867 2977 origines

143 3022 403 3079 regesque
436 3005 794 3079 Cyrenarum.

632 3159 984 3196 PROLOGUS
1030 3160 1209 3194 LIBRI
1255 3160 1379 3194 XIV.

228 3280 444 3348 Quarto
487 3276 696 3331 decimo
740 3277 1020 3332 volumine
1060 3278 1412 3331 continentur
1454 3278 1563 3331 haec
1604 3298 1614 3331 :
1658 3278 1870 3336 Bellum

1501 3397 1585 3433 ΙΙ.
