2315 3868
611 330 1057 374 HISTORIARUM
1092 333 1204 374 LIB.
1243 334 1387 376 XLII.
1780 351 1870 392 ¹00

137 453 363 509 quaeque
384 433 708 503 sollicitatae,
732 435 977 488 animum
1010 436 1153 488 senis
1182 435 1528 492 obsidebant.
1558 440 1663 495 Sed
1694 440 1868 495 fatum

134 535 368 589 Parthiae
401 535 554 601 fecit,
587 536 640 587 in
670 554 778 608 qua
806 534 917 607 jam
951 535 1108 607 quasi
1141 533 1367 589 solenne
1397 549 1476 590 est
1508 559 1662 614 reges
1690 543 1868 616 parri·

135 634 282 688 cidas
314 635 538 703 habere,
571 645 632 687 ut
670 631 1120 688 sceleratissimus
1150 634 1426 703 omnium,
1457 649 1511 690 et
1545 639 1660 712 ipse
1696 642 1865 696 Phra-

132 734 284 787 hates
314 733 563 800 nominc,
599 753 691 786 rex
728 744 1079 788 statueretur.

209 836 275 886 V.
325 835 516 906 Itaque
550 832 756 899 statim,
793 833 946 907 quasi
983 831 1156 886 nollet
1192 835 1357 904 mori,
1399 846 1612 909 patrem
1648 838 1865 892 interfe-

128 933 228 1001 cit;
264 931 456 985 fratres
493 952 712 1007 quoque
751 953 870 986 xxx
907 932 1144 986 trucidat
1181 953 1192 986 :
1232 932 1325 986 sed
1361 954 1463 988 nec
1499 935 1555 988 in
1591 935 1715 989 filiis
1752 959 1861 991 ces-

128 1044 252 1085 sant
272 1032 583 1106 parricidia.
609 1034 776 1100 Nam,
802 1052 973 1106 quum
1004 1032 1226 1086 infestos
1255 1032 1355 1087 sibi
1380 1034 1672 1109 optimates
1697 1057 1861 1113 prop-

128 1144 211 1186 ter
246 1131 459 1186 assidua
502 1130 703 1186 scelera
748 1131 984 1199 videret,
1022 1153 1088 1185 ne
1125 1144 1291 1202 esset,
1330 1134 1422 1207 qui
1458 1135 1732 1190 nominari
1768 1158 1862 1191 rex

129 1243 336 1306 posset,
372 1229 621 1285 adultum
668 1229 842 1284 filium
884 1230 1118 1283 interfici
1148 1231 1323 1303 jubet.
1370 1233 1512 1286 Huic
1554 1236 1858 1302 AntoniuS,

127 1342 352 1405 propter
392 1329 655 1382 auxilium
698 1328 961 1382 adversus
1002 1349 1056 1382 se
1090 1340 1142 1382 et
1181 1330 1450 1383 Caesarem
1496 1329 1701 1401 latum,
1744 1333 1859 1387 bel-

126 1429 240 1484 lum
284 1449 409 1482 cum
455 1427 690 1482 sedecim
733 1425 1081 1482 validissimis
1126 1426 1433 1503 legionibus
1477 1429 1665 1485 intulit
1709 1453 1719 1485 ε
1767 1432 1860 1486 sed

125 1529 364 1605 graviter
399 1526 585 1582 multis
615 1525 822 1603 proeliis
859 1539 1087 1582 vexatus
1100 1568 1114 1596 ,
1149 1547 1181 1581 a
1214 1528 1436 1582 Parthia
1474 1529 1691 1606 refugit.
1731 1533 1859 1602 Qua

126 1629 355 1684 victoria
405 1627 730 1682 insolentior
781 1626 1082 1681 Phrahates
1134 1626 1413 1697 redditus,
1464 1650 1634 1703 quum
1684 1630 1857 1686 multa

125 1726 419 1782 crudeliter
450 1725 785 1795 consuleret,
817 1727 874 1779 in
908 1725 1159 1780 exsilium
1191 1747 1222 1779 a
1249 1726 1456 1802 populo
1485 1750 1584 1783 suo
1612 1730 1851 1804 pellitur.

124 1832 315 1902 Itaque
350 1847 476 1881 cum
512 1846 713 1901 magno
750 1838 997 1901 tempore
1032 1825 1291 1880 finitimas
1329 1827 1600 1899 civitates,
1635 1830 1702 1883 ad
1734 1853 1854 1906 pos-

122 1939 358 1981 tremum
387 1926 614 2002 Scythas
639 1926 891 2002 precibus
920 1925 1221 2002 fatigasset,
1253 1927 1583 2001 Scytharum
1612 1930 1852 1986 maximo

122 2025 324 2082 auxilio
355 2027 410 2080 in
440 2047 673 2102 regnum
708 2026 1034 2080 restituitur.
1070 2029 1189 2079 Hoc
1218 2026 1466 2094 absente,
1503 2049 1688 2105 regem
1725 2034 1853 2085 Par-

121 2127 201 2181 thi
237 2127 535 2182 Tiridatem
589 2126 885 2202 quemdam
945 2126 1350 2180 constituerant
1410 2149 1421 2181 :
1477 2131 1569 2203 qui
1589 2172 1603 2200 ,
1661 2130 1849 2185 audito

122 2226 357 2281 adventu
405 2227 766 2301 Scytharum,
809 2247 935 2280 cum
980 2245 1180 2300 magna
1222 2227 1525 2282 amicorum
1571 2249 1738 2284 manu
1783 2231 1852 2285 ad

121 2328 424 2394 Caesarem,
466 2326 522 2378 in
561 2326 884 2400 Hispaniam
926 2323 1132 2379 bellum
1175 2337 1308 2380 tunc
1354 2329 1615 2402 temporis
1661 2350 1851 2404 geren-

121 2439 262 2493 tem,
300 2423 577 2500 profugit,
613 2423 856 2478 obsidem
898 2425 1100 2479 Caesari
1139 2425 1431 2479 minimum
1470 2425 1645 2481 filium
1680 2429 1852 2483 Phra-

118 2525 259 2578 hatis
303 2524 506 2589 ferens,
548 2543 712 2597 quem
761 2522 1126 2598 negligentius
1191 2524 1528 2578 custoditum
1570 2540 1845 2602 rapuerat.

120 2624 248 2694 Quo
277 2626 524 2699 cognitO,
553 2622 853 2676 Phrahates
883 2620 1089 2698 legatos
1115 2624 1296 2677 statim
1328 2623 1396 2678 ad
1427 2627 1694 2680 Caesarem
1727 2629 1848 2682 mit-

118 2724 217 2789 tit,
268 2743 485 2777 servum
543 2742 698 2775 suum
760 2720 1058 2775 Tiridatem
1082 2764 1095 2790 ,
1140 2734 1192 2776 et
1251 2723 1426 2777 filium
1482 2726 1688 2779 remitti
1744 2728 1846 2781 sibi

120 2821 374 2895 postulat.
411 2826 617 2891 Caesar,
656 2833 709 2875 et
744 2820 1016 2896 legatione
1049 2822 1339 2876 Phrahatis
1376 2823 1588 2893 audita,
1621 2837 1674 2878 et
1708 2828 1847 2880 Tiri-

121 2921 258 2974 datis
291 2921 578 2996 postulatis
607 2923 839 2997 cognitis
868 2920 1033 2997 (nam
1061 2933 1115 2974 et
1141 2923 1252 2996 ipse
1277 2924 1491 2976 restitui
1524 2924 1579 2977 in
1613 2946 1843 3001 regnum

120 3020 484 3087 desiderabat,
512 3023 649 3097 juris
696 3025 1074 3075 Romanorum
1108 3020 1351 3074 futuram
1387 3023 1667 3077 Parthiam
1699 3025 1842 3079 affir-

120 3140 306 3186 manS,
346 3121 386 3173 si
427 3122 540 3195 ejus
585 3142 812 3197 regnum
858 3120 1101 3173 muneris
1137 3140 1328 3173 eorum
1366 3121 1627 3199 fuisset),
1667 3145 1843 3199 neque

117 3218 416 3273 Tiridatem
458 3219 769 3274 dediturum
809 3241 864 3274 se
903 3220 1120 3274 Parthis
1167 3220 1333 3287 dixit,
1371 3243 1548 3296 neque
1585 3223 1841 3279 adversus

116 3319 348 3371 Parthos
379 3319 603 3372 Tiridati
640 3321 839 3374 auxilia
878 3320 1150 3374 daturum.
1185 3324 1269 3376 Nc
1307 3334 1485 3375 tamen
1522 3344 1620 3397 per
1655 3327 1840 3379 omnia
