2248 3697
581 193 1024 235 IIISTORIARUM
1059 195 1170 236 LIB.
1207 195 1379 236 XXIV.
1790 193 1850 235 15*

116 318 227 358 tum
264 318 558 353 armorum.
585 296 821 351 Proinde
852 316 918 350 ne
950 308 1367 365 cunctarentur,
1401 297 1501 350 diis
1542 295 1847 371 antesigna-

113 401 229 467 nis,
265 400 476 452 hostem
512 398 750 466 caedere,
787 409 840 450 et
882 396 1126 449 victoriae
1173 395 1398 449 deorum
1440 398 1613 450 socios
1652 417 1708 450 se
1755 396 1846 450 ad-

110 501 414 576 jungere,»
472 501 697 552 summis
748 496 1220 551 obsecrationibus
1265 496 1577 549 monebant.
1625 498 1842 567 Quibus

113 599 335 653 vocibus
370 598 604 665 incensi,
636 617 825 650 omnes
862 596 1114 649 certatim
1154 595 1208 647 in
1243 593 1499 670 proelium
1535 596 1840 669 prosiliunt.

113 703 461 753 Praesennam
514 697 600 750 (lei
644 709 697 750 et
745 697 847 771 ipsi
897 696 1078 749 statim
1130 715 1362 748 sensere.
1410 695 1549 749 Nam
1595 707 1648 747 et
1687 708 1843 749 terrae

112 809 263 850 motu
294 797 476 871 portio
508 798 711 850 montis
737 797 974 870 abrupta
989 794 1277 850 Gallorum
1301 795 1494 847 stravit
1517 796 1843 865 exercitum,

111 909 165 950 ct
193 896 577 950 confertissimi
615 897 772 950 cunei
810 917 919 949 non
959 898 1074 949 sine
1103 893 1425 948 vulneribus
1462 893 1699 947 hostium
1746 894 1845 948 dis-

111 997 273 1071 sipati
328 997 576 1050 ruebant.
630 999 886 1050 Insecuta
946 995 1144 1049 deinde
1199 1005 1494 1069 tempestas
1565 1005 1674 1062 est,
1725 1015 1845 1068 quae

110 1097 378 1173 grandine
405 1109 457 1150 et
481 1096 682 1171 frigore
702 1097 912 1150 saucios
938 1115 1002 1148 ex
1018 1093 1338 1148 vulneribus
1360 1093 1685 1169 absumpsit.
1716 1097 1844 1149 Dux

110 1198 222 1272 ipse
255 1201 537 1264 Brennus,
574 1216 745 1270 quum
782 1194 1031 1249 dolorem
1062 1192 1357 1247 vulnerum
1389 1193 1532 1247 ferre
1574 1215 1684 1248 non
1720 1216 1843 1270 pos-

110 1308 214 1366 set,
268 1298 510 1373 pugione
561 1297 728 1350 vitam
767 1295 962 1348 finivit.
1015 1293 1172 1349 Alter
1215 1315 1279 1347 ex
1331 1294 1589 1363 ducibus,
1639 1296 1846 1369 punitis

107 1394 235 1451 belli
273 1397 625 1465 auctoribus,
662 1416 789 1449 cum
816 1395 1005 1449 decem
1039 1393 1281 1448 millibus
1308 1396 1645 1465 sauciorum,
1676 1399 1845 1450 citato

108 1498 350 1572 agmine,
386 1496 601 1550 Graecia
655 1494 887 1548 excedit.
937 1492 1043 1547 Sed
1083 1514 1181 1547 nec
1231 1492 1568 1569 fugientibus
1620 1496 1844 1549 fortuna

108 1596 449 1650 commodior
486 1595 589 1648 fuit
627 1615 638 1647 ε
669 1593 940 1668 siquidem
974 1592 1185 1666 pavidis
1216 1591 1369 1645 nulla
1407 1594 1508 1647 sub
1539 1596 1695 1649 tectis
1721 1609 1842 1650 acta

108 1716 249 1765 nox3
290 1694 474 1748 nullus
502 1695 616 1748 sine
654 1692 842 1746 labore
868 1704 923 1746 et
957 1688 1204 1766 periculo
1236 1689 1380 1761 dies;
1406 1693 1607 1746 assidui
1640 1696 1842 1749 imbres

108 1809 162 1849 ct
192 1795 317 1872 gelu
350 1796 443 1849 nix
474 1805 755 1861 concreta,
792 1804 845 1846 et
881 1791 1084 1858 fameS‚
1117 1801 1171 1844 et
1206 1789 1498 1863 lassitudo,
1529 1813 1694 1869 super
1728 1795 1840 1849 inec

107 1898 410 1951 maximum
447 1892 745 1970 pervigiliae
779 1891 987 1947 malum
1019 1892 1244 1945 miseras
1280 1890 1512 1946 infelicis
1543 1891 1673 1947 belli
1716 1893 1841 1948 reli-

106 1998 260 2072 quias
291 1995 633 2051 obterebant.
669 1997 875 2049 Gentes
912 2011 1133 2066 quoque
1163 1991 1547 2066 nationesque,
1582 2014 1680 2067 per
1708 2015 1842 2069 quas

108 2099 209 2151 iter
256 2097 559 2164 habebant,
613 2093 891 2170 palanteS‚
941 2090 1093 2145 velut
1143 2091 1416 2167 praedam,
1472 2094 1840 2150 sectabantur.

107 2200 237 2269 Quo
257 2209 415 2272 pacto
434 2196 644 2265 evenit,
676 2206 739 2248 ut
767 2213 931 2247 nemo
963 2212 1029 2245 ex
1059 2203 1215 2245 tanto
1249 2192 1516 2263 exercitu,
1554 2195 1648 2268 qui
1677 2193 1842 2269 paulo

107 2309 234 2351 ante
274 2295 476 2351 fiducia
507 2295 709 2348 virium
756 2294 921 2347 etiam
963 2291 1225 2346 adversus
1270 2291 1398 2345 deos
1446 2292 1841 2365 contendebat,

108 2396 193 2450 vel
224 2396 292 2451 ad
329 2396 652 2450 memoriam
687 2407 851 2448 tantae
878 2392 1075 2460 cladi5‚
1111 2404 1434 2468 superesset.
