2248 3697
476 232 713 274 JUSTINI
753 230 1194 273 HISTORIARUM
1231 231 1343 271 LlB.
1385 229 1533 272 XXX.
1803 225 1860 280 35)

141 336 317 409 primo
358 333 654 387 laborantis
694 333 852 406 regiae
898 332 1072 384 tacitae
1113 343 1289 405 pestes
1330 344 1383 384 et
1424 328 1647 384 occultae
1696 329 1860 381 fuere.

222 436 291 488 ΙΙ.
349 431 565 489 Deinde
617 442 890 484 crescente
945 428 1162 483 licentia
1184 471 1197 498 ,
1245 430 1356 502 jam
1411 450 1508 483 nec
1567 426 1864 504 parietibus

144 534 302 608 regiae
335 531 528 585 doinus
561 530 829 584 contineri
862 528 1162 582 meretricis
1194 526 1420 580 audacia
1452 540 1629 601 potest
1658 547 1672 584 ε
1701 546 1864 601 quam

142 632 542 708 proterviorem
590 630 793 683 sociata
836 649 957 683 cum
999 624 1297 703 Agathocle
1337 625 1533 695 fratre,
1571 627 1869 680 ambitiosae

142 730 568 807 pulchritudinis
599 741 810 796 scorto,
840 726 1157 802 quotidiana
1190 727 1332 801 regis
1363 737 1552 800 stupra
1583 725 1867 778 faciebant.

144 830 451 887 Accedebat
484 841 538 884 et
567 840 742 883 mater
774 827 1101 895 OEnanthe,
1132 847 1251 900 quae
1280 827 1505 901 geminae
1534 822 1734 878 sobolis
1764 823 1874 878 ille-

143 931 318 985 cebris
359 929 676 983 devinctum
719 948 901 1004 regem
947 927 1180 981 tenebat.
1222 928 1415 999 Itaque
1456 944 1565 977 non
1607 935 1876 977 contentae

144 1051 300 1106 rege,
329 1030 441 1104 jam
482 1031 645 1083 etiam
685 1049 913 1104 regnum
956 1026 1265 1102 possident,
1300 1026 1412 1100 jam
1451 1025 1505 1078 in
1548 1022 1767 1099 publico
1805 1026 1878 1075 vi-

146 1139 378 1196 suntur,
425 1128 538 1202 jain
591 1127 934 1195 salutantur,
982 1126 1095 1199 jam
1151 1125 1501 1178 comitantur.
1554 1121 1879 1198 Agathocles

145 1229 287 1302 regis
306 1225 473 1279 ,lateri
497 1226 745 1300 ju11ctUS‚
777 1225 1055 1278 civitatem
1085 1223 1308 1299 regebat
1335 1243 1344 1276 :
1376 1222 1715 1292 tribunatuS,
1747 1241 1881 1296 prae—

146 1327 406 1394 fecturaS,
442 1337 495 1378 et
527 1324 756 1379 ducatus
787 1322 1041 1378 mulieres
1071 1322 1428 1390 ordinabant,
1462 1343 1562 1376 nec
1592 1322 1882 1396 quisquam

148 1427 204 1479 in
252 1446 425 1501 regno
475 1445 572 1478 suo
620 1425 836 1492 minus,
885 1444 1046 1497 quam
1083 1423 1197 1498 ipsc
1240 1443 1366 1492 rex,
1414 1432 1645 1497 poterat.
1691 1421 1882 1491 Quum

152 1525 406 1593 interim,
455 1522 646 1577 relicto
692 1523 1036 1597 quinquenni
1082 1542 1145 1576 ex
1190 1520 1460 1596 Eurydice
1508 1541 1692 1575 sorore
1738 1518 1884 1589 filio,

148 1625 385 1677 moritur
414 1645 424 1676 :
460 1622 552 1676 sed
577 1642 725 1676 mors
751 1622 894 1696 eJUS,
929 1621 1059 1674 dum
1086 1622 1375 1695 pecuniam
1402 1621 1605 1694 regiam
1633 1617 1884 1674 mulieres

150 1726 405 1799 rapiunt,
437 1735 490 1777 et
524 1723 814 1798 imperium
835 1764 848 1791 ,
877 1722 1012 1774 inita
1039 1741 1163 1774 cum
1192 1718 1572 1795 perditissimis
1599 1719 1885 1787 societate,

152 1843 422 1900 occupare
463 1835 765 1890 conantur,
808 1820 902 1875 diu
938 1818 1213 1875 occultata
1252 1817 1369 1872 fuit.
1414 1820 1493 1873 Re
1537 1816 1757 1871 tandem
1798 1838 1887 1871 co-

153 1923 336 1999 gnita,
379 1942 652 1977 concursu
691 1920 1092 1983 multitudinis,
1126 1932 1178 1974 et
1217 1916 1546 1994 Agathocles
1588 1917 1887 1987 occiditur,

153 2034 206 2077 et
241 2021 496 2077 mulieres
530 2022 584 2075 in
619 2020 888 2076 ultionem
919 2018 1219 2095 Eurydices
1246 2017 1504 2094 patibulis
1534 2015 1883 2092 suffiguntur.

153 2126 336 2177 Morte
369 2124 541 2199 regiS,
586 2120 856 2197 supplicio
902 2120 1252 2174 meretricum
1295 2116 1446 2173 velut
1481 2119 1697 2192 expiata
1734 2120 1887 2193 regni

158 2222 404 2290 infamia,
437 2220 642 2297 legatos
676 2219 1034 2276 Alexandrini
1067 2218 1136 2273 ad
1162 2221 1442 2273 Romanos
1477 2218 1696 2279 misere,
1726 2236 1888 2269 oran-

156 2335 270 2392 tes,
315 2333 377 2374 ut
422 2320 651 2375 tutelam
694 2318 892 2396 pupilli
938 2320 1311 2393 susciperent3
1361 2327 1757 2389 tuerenturque
1806 2336 1888 2368 re-

158 2442 326 2497 gnum
352 2421 598 2495 AEgypti,
624 2419 772 2494 quod
792 2420 907 2494 jam
934 2417 1253 2493 Philippum
1280 2428 1334 2470 et
1363 2414 1725 2483 Antiochum,
1750 2413 1885 2464 fac-*o

159 2523 302 2576 inter
334 2541 388 2574 se
423 2521 703 2595 pactione,
740 2518 983 2572 divisisse
1020 2516 1288 2571 dicebant.

240 2623 339 2674 III.
387 2623 559 2676 Grata
590 2619 787 2694 legatio
821 2618 1084 2672 Romanis
1118 2616 1249 2683 fuit,
1285 2636 1502 2669 causam
1540 2615 1668 2669 belli
1701 2615 1890 2669 adver-

161 2741 250 2775 sus
291 2719 610 2795 Philippum
647 2716 1037 2791 quaerentibus,
1074 2716 1167 2790 qui
1204 2714 1491 2769 insidiatus
1525 2716 1599 2768 eis
1634 2715 1890 2789 tempori-

159 2821 262 2875 bus
292 2821 481 2896 punici
520 2817 644 2872 belli
681 2818 873 2870 fuerat.
906 2818 1028 2869 Huc
1059 2815 1377 2883 accedebat,
1412 2812 1558 2888 quod
1579 2857 1592 2883 ,
1626 2813 1804 2867 Poenis
1837 2825 1889 2866 et

162 2916 435 2971 Annibale
517 2929 806 2993 superatO,
859 2912 1063 2970 nullius
1111 2915 1285 2991 magis
1340 2934 1490 2967 arma
1537 2912 1888 2982 metuebant,

161 3020 576 3093 reputantibus,
630 3029 900 3092 quantum
950 3028 1160 3071 motum
1217 3014 1459 3090 Pyrrhus
1508 3034 1676 3088 parva
1722 3033 1885 3067 manu

161 3117 527 3172 Macedonum
565 3120 619 3172 in
653 3117 811 3174 Italia
846 3118 1084 3187 fecisset,
1123 3127 1464 3191 quantasque
1505 3134 1588 3166 res
1627 3111 1887 3167 Macedo-

162 3239 255 3271 nes
295 3218 347 3270 in
387 3218 611 3272 Oriente
655 3219 957 3294 gessissent.
1002 3218 1304 3271 Mittuntur
1345 3216 1526 3288 itaque
1566 3211 1755 3288 legati,
1794 3215 1885 3286 qui
