2315 3868
427 339 511 392 178
951 336 1134 379 NOTAE
1176 335 1240 377 IN
1278 333 1608 378 PROLOGOS

421 452 485 486 est
503 458 525 484 a
540 455 684 499 graeco
699 442 826 495 κώδη,
843 437 1014 480 fructus
1031 438 1275 496 papaveris
1288 471 1299 491 ‚
1317 440 1449 484 κωὸίαι
1466 476 1475 493 ,
1493 436 1739 495 papaveris
1759 445 1894 493 caput
1910 475 1920 492 ‚
1945 445 1990 478 et
2008 444 2142 497 μαίνο-

420 542 511 580 μαι,
535 514 743 568 insanio,
773 522 921 575 μανία,
946 513 1098 568 fur0r3
1124 514 1299 557 Narses
1323 528 1436 556 vero
1457 513 1631 556 dictum
1655 520 1748 565 est,
1773 526 1861 569 pro
1890 513 2088 563 Narces,
2118 527 2138 553 a

417 615 564 654 ναρχη,
602 590 827 648 torpedo,
861 599 1028 648 torpor
1063 599 1307 643 veternus;
1350 589 1473 631 unde
1526 597 1570 632 et
1614 596 1848 650 νάρκισσος,
1890 585 2144 639 narcissus,

416 666 503 710 flos
520 666 615 724 qui,
630 666 744 709 sicut
760 681 964 724 papaver
981 700 992 721 ,
1010 666 1105 709 vim
1121 665 1404 708 narcoticum
1419 665 1562 708 habet
1579 698 1590 718 ,
1616 680 1697 707 seu
1724 673 1965 722 torporem
1991 660 2149 704 afficit-

415 743 542 801 Ergo
566 757 654 800 pro
671 744 812 785 Aures
834 741 1161 800 reponendum
1178 742 1352 784 Narses
1363 774 1376 794 ,
1394 749 1470 784 aut
1492 741 1648 800 potius
1667 742 1861 784 Narces.
1881 739 1956 783 Sic
1979 738 2143 781 Darius

417 818 748 862 nominabatur
771 826 1018 875 antequam
1040 831 1238 875 regnum
1260 817 1454 874 adeptus
1484 825 1626 871 esset,
1655 816 1783 875 quod
1816 815 2021 863 Justinus
2058 829 2139 858 eo-

417 894 525 938 dem
556 896 663 938 loco
691 902 895 938 testatur.
932 894 989 935 In
1022 908 1154 936 more
1191 892 1316 936 enim
1348 893 1552 950 positum
1579 902 1678 935 erat
1711 892 1853 946 olim,
1884 901 1934 934 ut
1968 891 2027 934 ad
2057 889 2149 932 im·-

419 971 600 1028 perium
646 970 916 1014 accedentes
958 984 1112 1027 reges,
1148 969 1263 1012 sicut
1297 968 1435 1012 etiam
1468 984 1620 1023 nunc,
1655 968 1847 1012 nomina
1891 975 2147 1019 mutarent,

422 1046 552 1105 quod
583 1045 868 1090 conditionis
914 1045 1244 1099 mutationem,
1295 1060 1562 1103 novamque
1611 1060 1748 1088 aeram
1780 1044 1989 1087 notabat.
2024 1043 2148 1086 Dio-

419 1123 537 1166 doro
569 1123 723 1167 Siculo
742 1156 753 1176 ,
782 1123 904 1165 libro
938 1137 1077 1165 xxv11
1097 1155 1111 1174 ,
1142 1124 1283 1165 Arses
1318 1121 1438 1164 Ochi
1465 1119 1585 1163 filius
1618 1129 1709 1175 est,
1738 1119 1820 1163 sed
1845 1119 1970 1178 apud
1999 1118 2149 1176 ipsum

417 1199 507 1242 hoc
539 1214 713 1241 nomen
749 1214 935 1257 quoque
972 1198 1276 1256 depravatum
1308 1197 1522 1254 conjicio.

843 1341 909 1375 IN
952 1340 1320 1375 PROLOGUM
1365 1340 1540 1376 LIBRI
1585 1340 1727 1374 XIII.

482 1452 666 1493 Bellum
693 1450 979 1492 Lamiacum.
1017 1449 1204 1492 Dictum
1221 1450 1397 1492 bellum
1421 1449 1540 1492 illud
1563 1449 1867 1501 Lamiacum,
1897 1465 1918 1490 a
1946 1449 2118 1491 Lamia
2134 1482 2146 1501 ,

415 1527 663 1570 Thessaliae
692 1526 834 1579 urbe,
866 1526 913 1567 in
944 1541 1081 1582 quam
1114 1525 1358 1583 Antipater
1382 1526 1441 1567 ab
1474 1525 1833 1568 Atheniensibus
1867 1540 2005 1567 caesus
2025 1540 2150 1566 con-

415 1603 615 1661 fugerat,
647 1601 878 1645 referente
912 1601 1156 1655 Diodoro,
1194 1617 1297 1644 xvii
1318 1635 1328 1655 ,
1367 1601 1416 1654 3,
1452 1610 1496 1644 et
1527 1616 1687 1655 xvni,
1721 1617 1763 1659 9.

821 1744 884 1778 IN
930 1743 1297 1778 PROLOG-UM
1343 1743 1521 1778 LIBRI
1565 1743 1749 1777 XVIII.

492 1856 707 1915 Origines
737 1855 1039 1907 Phoenicum,
1071 1863 1116 1896 et
1146 1854 1357 1906 Sidonis,
1392 1864 1436 1897 et
1464 1853 1623 1896 Velioe.
1652 1854 1770 1896 Huic
1798 1855 2014 1897 Lucaniae
2049 1855 2151 1898 urbi

415 1948 558 1991 quum
587 1931 662 1974 hic
697 1932 848 1973 nullus
885 1931 941 1973 sit
985 1931 1143 1984 locus,
1176 1929 1254 1972 alii
1288 1945 1375 1987 pro
1420 1930 1565 1972 Velloe
1609 1929 1856 1973 ediderunt
1895 1931 2032 1988 Tyri,
2071 1931 2149 1973 sed

415 2024 471 2051 ex
495 2007 679 2051 ,Iustino
704 2008 806 2065 lege
842 2007 1001 2049 Uticoe.
1029 2007 1162 2049 Hanc
1194 2005 1533 2048 correctionem
1566 2006 1806 2064 Bongarsii
1836 2007 2148 2064 Longeruaeus

414 2093 457 2127 et
490 2083 756 2127 Gronovius
791 2091 1078 2140 receperunt.
1115 2082 1391 2125 Punicarum
1423 2082 1471 2124 in
1509 2081 1661 2125 Africa
1695 2082 1883 2125 urbium
1914 2083 1951 2125 si
1993 2083 2150 2126 demas

413 2159 765 2218 Carthaginem,
797 2158 917 2201 nulli
949 2159 1081 2201 cessit
1111 2158 1260 2201 Utica.
1294 2159 1554 2216 Stephanus
1580 2174 1680 2201 eam
1712 2159 1872 2201 scribit
1904 2158 2149 2217 Tyriorum

414 2237 648 2279 coloniam
684 2236 835 2279 fuisse.
880 2236 994 2277 Vide
1028 2244 1188 2277 notam
1222 2243 1427 2277 nostram
1457 2235 1504 2276 in
1538 2234 1732 2289 Justin.,
1769 2250 1924 2289 xvni,
1952 2241 2004 2289 li,
2036 2251 2149 2279 voce

425 2314 619 2355 Uticam.

872 2428 931 2461 [N
964 2426 1321 2462 PROLOGUM
1359 2427 1531 2461 LIBRI
1566 2428 1688 2461 XIX.

481 2570 575 2611 Per
612 2568 834 2610 rubellum
876 2583 1114 2610 annorum.
1152 2588 1168 2606 «
1202 2570 1257 2611 In
1299 2568 1370 2611 his
1413 2568 1568 2611 verbis
1609 2578 1765 2627 aperte
1801 2571 2052 2629 corruptis,
2087 2572 2147 2615 ait

415 2645 468 2686 D.
502 2643 743 2697 Lemaire,
784 2644 894 2686 latet
925 2644 1022 2686 haec
1058 2644 1219 2698 lectio,
1252 2660 1389 2702 quam
1427 2645 1577 2687 codex
1609 2647 1659 2688 P.
1694 2645 1854 2688 Pithaei
1886 2647 2027 2690 habet
2060 2647 2146 2689 ad—

413 2720 661 2779 scriptam,
701 2735 932 2778 quamque
979 2720 1127 2778 ipsam
1167 2721 1428 2765 Colbertini
1476 2721 1659 2765 codices
1703 2722 1877 2766 habent
1912 2732 1955 2766 et
1994 2724 2148 2781 plures

415 2797 513 2839 aliae
548 2797 806 2851 editiones,
837 2812 934 2856 per
970 2798 1304 2850 Asdrubalmn,
1350 2799 1633 2842 Amilcarem
1681 2809 1727 2842 et
1756 2802 2028 2853 Annonem;
2073 2802 2145 2844 vel

415 2873 542 2931 quod
570 2873 648 2917 alii
676 2873 925 2925 ediderunt
942 2889 1038 2932 per
1063 2890 1299 2916 numerum
1327 2877 1568 2917 multorum
1595 2891 1832 2918 annorum.
1857 2895 1873 2913 »
1902 2876 2001 2934 Ego
2033 2893 2147 2920 vero

416 2949 628 2992 existimo
661 2950 742 2993 has
778 2965 874 2993 esse
906 2959 1086 2993 tantum
1113 2952 1287 3009 glossas
1328 2951 1856 3009 interpretationesque,
1902 2961 1946 2995 et
1987 2955 2141 3011 genui-

422 3041 528 3069 nam
560 3027 840 3081 lectionem,
850 3043 948 3086 per
969 3027 1138 3070 bellum
1176 3044 1225 3070 1v
1263 3026 1360 3082 (vel
1390 3027 1479 3085 xv)
1511 3043 1758 3082 annorum,
1786 3030 1860 3071 rel
1886 3045 1983 3089 per
2005 3048 2147 3089 gras-e

415 3102 580 3144 bellum
612 3105 853 3145 multorum
889 3120 1138 3157 armorum,
1176 3104 1271 3147 sive
1292 3120 1388 3162 per
1414 3106 1655 3147 multorum
1690 3101 1704 3156 ζ
1717 3105 2009 3168 pluriumve)¹
2044 3107 2136 3150 hel-

417 3180 507 3219 lum
545 3193 801 3232 annorum,
858 3180 1000 3222 latere
1046 3181 1095 3222 in
1131 3180 1201 3222 his
1235 3181 1390 3224 verbis
1423 3197 1431 3221 z
1462 3195 1558 3238 per
1593 3195 1844 3224 RUBELLUM
1886 3199 2110 3227 annorum
2132 3218 2142 3236 ,

416 3263 490 3295 aut
526 3255 574 3297 in
623 3256 676 3298 iis
714 3272 722 3298 :
769 3271 857 3298 PER
902 3272 1146 3299 SUBELLUM
1183 3272 1441 3310 ANNohum,
1477 3272 1574 3314 quae
1611 3258 1764 3301 Modii
1798 3260 1907 3303 libri
1947 3261 2144 3316 habent,

418 3329 542 3384 quod
579 3339 622 3371 et
658 3332 857 3374 innuunt
888 3348 1024 3374 voces
1057 3349 1144 3391 quo
1179 3333 1324 3384 bello,
1360 3347 1460 3389 quae
1492 3342 1758 3390 sequuntur.
