2315 3868
618 298 1112 343 PHILIPPICARUM
1163 300 1372 343 TROGI.
1776 295 1860 338 161

654 477 999 512 PROLOGUS
1045 479 1220 514 LIBRI
1270 482 1342 514 VI.

215 617 378 670 Sexto
424 614 701 669 volumine
743 616 1097 669 continentur
1138 616 1252 669 haec
1298 638 1308 669 :
1357 615 1567 670 Bellum
1612 617 1868 672 Lacedae-

136 717 445 770 moniorum
477 726 688 791 gestum
723 716 777 768 in
808 716 933 770 Asia
965 735 1092 769 cum
1120 716 1348 770 Persicis
1382 714 1672 792 praefectiS‚
1708 717 1865 771 duci-

136 817 236 869 bus
288 813 415 868 belli
468 814 778 889 Dercyllide
827 828 879 869 et
928 814 1211 891 AgesilaO,
1269 836 1441 890 usque
1495 814 1563 868 ad
1614 815 1868 890 proelium

137 911 326 969 navale
358 913 561 969 factum
596 914 772 970 Cnido
809 937 819 968 :
856 936 995 990 quo,
1031 917 1186 969 victis
1221 913 1355 984 illis,
1393 914 1752 970 Athenienses
1786 936 1871 969 re-

138 1015 339 1089 petiere
368 1016 676 1090 imperium.
704 1015 846 1069 Dein
876 1013 1081 1069 bellum
1107 1015 1552 1083 Corinthiacum,
1585 1026 1637 1068 et
1664 1012 1870 1068 bellum

137 1096 433 1181 Boeotium,
465 1136 575 1189 quo
609 1116 856 1168 Leuctris
887 1126 939 1167 ct
963 1115 1260 1170 Mantineae
1287 1115 1417 1169 victi
1452 1115 1709 1190 Spartani
1740 1114 1873 1167 ami-

140 1234 256 1266 sere
306 1214 615 1289 imperium.
668 1217 730 1267 In
783 1213 1060 1269 Thessalia
1106 1213 1302 1267 deinde
1351 1215 1596 1283 Jasonis,
1649 1226 1703 1268 et
1754 1226 1878 1288 post

141 1313 295 1367 illum
333 1311 627 1367 Alexandri
667 1313 873 1366 Pheraei
913 1311 1171 1366 coalitum
1206 1323 1370 1386 atque
1408 1314 1738 1367 exstinctum
1771 1314 1876 1366 im-

139 1413 367 1486 perium.
421 1413 563 1466 Tum
615 1409 827 1465 Sociale
870 1409 1076 1465 bellum
1127 1424 1344 1486 gestum
1395 1411 1655 1466 adversus
1703 1411 1875 1467 Athe-

141 1511 355 1566 nienses
393 1511 460 1565 ab
496 1512 732 1581 Achaeis,
775 1523 827 1565 et
866 1511 1127 1581 Rhodiis,
1162 1524 1215 1565 et
1257 1513 1547 1586 Byzantiis.
1591 1512 1878 1565 Transitus

141 1610 270 1664 hinc
301 1609 369 1665 ad
400 1631 485 1665 res
521 1609 915 1665 macedonicaS.

649 1781 996 1818 PROLOGUS
1042 1783 1215 1817 LIBRI
1264 1781 1372 1815 VII,

226 1905 470 1980 Septimo
507 1901 786 1956 volumine
820 1903 1175 1956 continentur
1210 1901 1448 1977 origines
1481 1898 1880 1967 Macedonicae,

147 2025 407 2082 regesque
441 2026 471 2059 a
507 2002 791 2059 conditore
823 2003 999 2077 gentis
1031 2004 1277 2069 Carano,
1312 2021 1484 2075 usque
1517 2000 1586 2054 ad
1612 2002 1881 2075 Magnum

149 2105 467 2181 Philippum
507 2126 518 2157 z
559 2104 728 2179 ipsius
762 2101 1005 2177 Philippi
1037 2121 1123 2155 res
1157 2112 1321 2177 gestae
1358 2121 1532 2175 usque
1565 2099 1634 2154 ad
1667 2111 1885 2173 captam

152 2208 343 2261 urbem
371 2205 712 2261 Methonam.
742 2202 952 2258 Additae
979 2203 1034 2254 in
1064 2221 1285 2255 excessu
1316 2199 1631 2276 Illyriorum
1662 2212 1714 2253 et
1739 2202 1887 2253 Paeo-

153 2328 288 2360 num
317 2306 571 2380 origines.

642 2454 994 2489 PROLOGUS
1042 2453 1218 2487 LIBRI
1262 2452 1405 2486 VIII.

239 2592 451 2643 Octavo
485 2585 761 2640 volumine
798 2585 1151 2637 continentur
1186 2602 1271 2636 res
1305 2593 1466 2658 gestae
1493 2580 1736 2658 Philippi
1770 2584 1892 2636 Ma-

158 2692 281 2766 gni,
325 2700 448 2764 post
489 2698 702 2761 captam
748 2684 940 2738 urbem
984 2683 1339 2751 Methonam,
1380 2703 1409 2736 a
1450 2682 1720 2757 principio
1765 2679 1893 2735 belli

160 2789 479 2857 Phocensis,
515 2785 659 2862 quod
695 2787 926 2841 Sacram
965 2793 1186 2850 vocant,
1224 2803 1396 2855 usque
1431 2782 1500 2835 ad
1532 2782 1696 2836 finem
1733 2783 1849 2857 ejus
1882 2802 1894 2834 :

164 2890 618 2964 interjectumque
650 2886 778 2939 huic
812 2881 1044 2951 bellum,
1077 2881 1226 2956 quod
1254 2879 1542 2956 Philippus
1574 2901 1699 2935 cum
1729 2880 1896 2936 Chal-

166 2990 349 3043 cidicis
379 2989 608 3043 urbibus
639 2987 827 3063 gessit,
856 3004 1089 3060 quarum
1121 2981 1478 3036 clarissimam
1506 2981 1703 3036 delevit
1727 2980 1898 3057 Olyn-

168 3091 320 3144 thon.
352 3090 428 3144 Ut
451 3089 657 3165 Illyrici
686 3109 838 3164 reges
869 3087 936 3140 ab
964 3106 1027 3139 eo
1056 3085 1185 3138 victi
1220 3095 1371 3150 sunt3
1399 3095 1453 3137 et
1476 3083 1712 3137 Thracia
1738 3095 1900 3158 atque

167 3188 445 3245 Thessalia
474 3190 540 3243 ab
570 3210 632 3244 eo
662 3190 896 3243 subactae
931 3210 940 3241 :
973 3199 1025 3239 ct
1056 3206 1151 3239 rex
1178 3186 1349 3260 Epiro
1377 3183 1536 3239 (latus
1567 3182 1899 3255 Alexander,

170 3291 341 3365 ejecto
373 3290 584 3364 Ari-yba
614 3311 624 3342 :
658 3301 711 3342 et
744 3288 945 3342 frustra
977 3285 1266 3340 Perinthos
1299 3296 1633 3359 oppugnata.

386 3411 443 3444 Η.
1576 3405 1629 3438 ῙΙ
