2315 3868
335 376 349 402 1
363 359 422 413 34
908 358 1095 402 NOTAE
1131 360 1193 403 Di
1232 359 1470 403 JUSTINI

326 460 528 509 exercitu
561 460 789 515 deletum3
824 460 1078 519 Josephus,
1115 462 1311 522 Atzciq.,
1346 477 1447 517 xu,
1495 462 1574 518 13,
1619 447 1897 507 Antiochum
1937 473 2058 509 tem—

324 541 453 599 plum
478 538 651 580 Dianoe
679 535 729 579 in
764 536 1020 595 Elymaide
1055 537 1258 596 spoliare
1290 546 1567 593 conantem,
1602 553 1771 598 magna
1814 541 1942 584 clade
1977 557 2058 585 ac-

324 622 478 672 cepta,
512 612 801 672 Babylonem
835 613 1085 672 recepisse,
1112 614 1195 656 ubi
1230 613 1397 657 dolore
1429 614 1486 657 sit
1518 615 1779 670 confectus3
1805 622 2060 661 consonatss

325 706 436 749 que,
453 688 536 733 lib.
556 705 573 732 1
598 689 1042 745 Macchabaeorum,
1067 706 1166 749 cap.
1193 689 1235 733 6.
1261 690 1364 733 Hoc
1391 690 1434 733 ei
1463 707 1647 750 quoque
1681 693 1900 737 accidisse
1931 710 2060 738 com-

322 774 584 810 memorant
599 765 842 825 Polybius,
860 766 908 808 in
926 765 1167 824 Excerptis
1183 767 1665 825 Porphyrogennetae‚
1680 778 1723 812 et
1742 769 1880 813 Diod.
1894 804 1905 825 ,
1925 786 2061 825 xxm,

321 842 484 902 fragm.
528 840 606 897 15,
643 843 773 901 quod
804 843 1033 900 templum
1065 842 1242 885 violare
1276 857 1329 885 ac
1359 842 1563 901 diripere
1595 853 1785 889 conatus
1820 846 1890 889 sit.
1923 846 2062 890 Unde

321 928 449 978 patet
498 919 750 978 legendum
804 934 900 962 esse
953 919 1166 976 Elymoei
1200 933 1289 976 pro
1336 920 1593 976 Dc'dymoei.
1651 922 1821 966 Strabo
1868 923 2061 981 quidem

321 996 445 1055 apud
473 997 717 1054 Elymaeos
752 997 973 1039 Palladis
1002 1011 1053 1038 ac
1088 996 1264 1039 Dianoe
1298 997 1524 1054 templum
1549 1008 1905 1055 commemorat,
1934 1002 2063 1059 quod

321 1076 480 1117 Azara
520 1073 774 1127 diceretur,
819 1088 875 1116 ex
916 1088 1008 1131 quo
1053 1071 1215 1116 decem
1255 1071 1403 1116 millia
1446 1073 1727 1116 talentorum
1765 1076 1917 1119 ablata
1953 1076 2059 1120 sint.

321 1150 452 1193 Hanc
475 1165 588 1193 vero
611 1148 855 1192 historiam
878 1157 1037 1192 narrat
1065 1148 1327 1207 Appianus,
1346 1149 1393 1191 in
1423 1151 1610 1206 Syriaco
1627 1184 1641 1204 ,
1673 1159 1716 1193 et
1739 1167 1835 1194 non
1864 1153 2060 1204 Dc'anoe,

321 1227 403 1271 sed
446 1227 632 1270 Veneris
667 1227 893 1284 templum
928 1227 1164 1284 Elymoeoe
1206 1226 1386 1285 prodit.
1413 1226 1494 1269 Ait
1522 1227 1647 1270 enim
1682 1228 1873 1272 missum
1913 1228 2060 1287 Popi—

320 1304 433 1348 lium
468 1320 570 1348 cum
598 1304 786 1358 litteris,
819 1312 867 1346 ut
901 1303 1141 1347 nunciaret
1173 1304 1434 1359 Antiocho,
1475 1320 1533 1348 ne
1564 1314 1795 1363 pugnaret
1826 1305 1875 1348 in
1907 1307 2061 1350 Ptole-

320 1396 458 1424 maeos
473 1414 486 1435 ,
515 1379 801 1425 Antiochum
827 1379 1123 1423 deliberandi
1142 1388 1321 1437 tempus
1350 1380 1647 1438 poposcisse,
1671 1381 1905 1440 Popilium
1929 1382 2060 1441 virga

322 1457 544 1501 circulum
569 1456 780 1510 duxisse,
806 1465 850 1499 et
875 1455 1046 1498 dixisse
1073 1473 1081 1497 ε
1120 1476 1137 1494 <‹
1160 1457 1288 1498 Intra
1312 1456 1435 1499 hunc
1468 1456 1691 1501 delibera.
1723 1477 1740 1495 »
1771 1459 1873 1501 Rex
1898 1467 2060 1517 stupe-

320 1532 464 1576 factus
503 1532 655 1575 statim
695 1531 952 1575 abitionem
983 1531 1191 1589 paravit,
1230 1531 1518 1588 Venerisque
1566 1533 1800 1587 Elymoeoe
1836 1535 2062 1591 templum

322 1609 555 1668 spoliavit.
575 1610 693 1652 Tum
711 1609 898 1652 demum
913 1624 969 1651 ex
993 1607 1259 1651 valetudine
1285 1608 1525 1651 tabescens
1541 1642 1552 1662 ,
1570 1617 1769 1651 mortem
1789 1609 1920 1653 obiit.
1942 1612 2063 1669 Ely-

321 1687 442 1730 mais
463 1686 596 1745 regio
614 1694 710 1730 erat
728 1687 772 1729 E
777 1688 1044 1743 lymoeorwn
1066 1685 1114 1727 in
1142 1686 1342 1728 Susiana
1353 1718 1366 1738 ,
1388 1685 1551 1729 ultima
1567 1688 1812 1729 Persarum
1831 1687 1891 1731 ad
1908 1687 2063 1731 orien-

323 1772 438 1819 tem,
463 1763 547 1807 ubi
581 1764 805 1821 templum
840 1762 1116 1805 ditissimum
1148 1764 1322 1806 Dianae
1347 1763 1674 1819 Elymaitidis,
1713 1765 1906 1808 testibus
1939 1767 2061 1808 Por-

324 1840 517 1900 phyrio,
536 1840 826 1899 Hieronymo
845 1848 889 1883 et
907 1840 1139 1898 Joseph03
1157 1839 1239 1882 ubi
1257 1855 1445 1897 quoque
1464 1841 1604 1882 Belus
1618 1842 1842 1898 templum
1862 1842 2065 1885 habebat

324 1931 436 1960 auro
462 1925 506 1960 et
536 1925 730 1975 argento
760 1916 1059 1975 donariisque
1087 1916 1306 1975 pretiosis
1335 1916 1579 1971 refertum,
1609 1925 1796 1961 auctore
1829 1917 2060 1962 Diodoro.

324 1993 435 2036 Haec
464 1993 595 2052 regio
629 1993 726 2036 sine
757 1993 930 2048 dubio,
959 1994 1044 2036 sub
1070 1993 1325 2036 Alexandri
1353 1993 1699 2037 successoribus
1729 2010 1751 2037 e
1784 1994 2062 2039 Macedonia

325 2069 562 2123 oriundis,
599 2086 772 2114 nomen
817 2070 995 2128 accepit
1037 2071 1097 2113 ab
1141 2071 1339 2128 Elyma,
1382 2070 1676 2114 Macedoniae
1711 2071 1912 2131 oppido,
1947 2073 2061 2129 Els-

325 2147 524 2189 miotidis
564 2147 744 2205 capite3
778 2148 954 2204 Elyma
987 2163 1100 2190 vero
1136 2148 1197 2190 ab
1237 2156 1384 2210 ἔλυμα,
1418 2155 1570 2202 temo,
1606 2148 1757 2203 buris,
1789 2150 1864 2192 vel
1899 2149 1958 2192 ab
1985 2157 2065 2196 &m-

326 2246 413 2285 frog,
460 2223 592 2267 theca
627 2223 834 2278 citharae,
874 2223 999 2266 tibiae
1046 2239 1211 2282 genus,
1248 2239 1402 2277 arcus,
1440 2232 1515 2265 aut
1549 2224 1608 2266 ab
1640 2233 1722 2267 art.
1758 2240 1900 2283 praep.
1939 2219 1984 2282 ἦ,
2019 2233 2064 2268 et

325 2312 427 2361 λῦμη
445 2339 455 2357 ,
487 2300 605 2353 lues,
637 2315 760 2343 noxa
780 2333 792 2355 ‚
817 2299 1029 2355 exitium,
1055 2308 1171 2362 λςίμγ,
1188 2341 1198 2357 ‚
1227 2301 1387 2359 pestiS,
1414 2300 1489 2343 vel
1523 2300 1726 2359 denique
1759 2301 1819 2344 ab
1842 2303 2060 2359 Elymus,

326 2376 462 2419 heros
497 2376 601 2435 qui,
641 2392 696 2419 ex
737 2377 1000 2435 Stephano,
1025 2379 1215 2435 Elyma?
1240 2376 1415 2419 civitati
1446 2377 1736 2420 Macedoniae
1767 2393 1943 2422 nomen
1974 2379 2061 2422 de—

328 2452 448 2496 disse
473 2461 670 2512 putatur.
709 2453 891 2512 Jupiter
919 2455 1158 2510 Elymoeus
1190 2453 1332 2512 igitur
1358 2453 1484 2496 idem
1512 2463 1609 2497 erat
1645 2454 1724 2513 qui
1752 2456 1918 2509 Belus,
1953 2471 2062 2497 nam

328 2528 457 2572 Jovis
473 2530 712 2587 Didyma-z·
725 2531 948 2588 templum
967 2529 1066 2572 aliis
1079 2564 1089 2583 ,
1108 2538 1174 2572 est
1192 2529 1529 2572 BeliI)iodoro.
1552 2530 1628 2573 Sic
1646 2531 1869 2589 templum
1882 2531 2061 2585 Dianae,

328 2606 551 2661 Palladis,
585 2606 782 2649 Veneris
818 2607 1152 2664 Εζγιηαίῑίᾱὶε,
1188 2606 1355 2649 dicitur
1381 2607 1588 2659 Naneoe,
1610 2608 1689 2650 lib.
1722 2623 1762 2650 11
1796 2608 2061 2662 Mucchab.,

329 2698 428 2741 cap.
465 2699 481 2725 1
503 2723 514 2741 9
540 2683 621 2726 ubi
657 2683 825 2742 legitur
852 2683 1139 2726 Antiochum
1159 2717 1170 2738 ‚
1203 2699 1349 2742 quum
1382 2683 1429 2725 in
1456 2683 1643 2727 Perside
1675 2693 1793 2727 esset
1823 2685 1915 2727 dux
1940 2684 2060 2743 ipse,

330 2769 373 2803 et
392 2775 495 2804 cum
512 2760 614 2819 ipso
641 2760 893 2804 immensus
922 2760 1173 2815 exercitus,
1193 2760 1412 2804 cecidisse
1437 2761 1484 2802 in
1509 2761 1686 2819 templo
1714 2762 1921 2813 Nauae,
1951 2776 2061 2803 con-

330 2835 433 2879 silio
467 2836 711 2895 deceptum
748 2836 1039 2880 sacerdotum
1068 2839 1262 2880 Naneoe.
1311 2839 1499 2879 Natzoea
1531 2853 1674 2884 vero,
1717 2836 1840 2893 cujus
1886 2853 2061 2879 nomen

332 2920 567 2956 contracte
597 2913 743 2956 oritur
778 2929 801 2955 a
838 2928 986 2971 graeco
1013 2922 1101 2961 vei-u
1123 2953 1132 2969 ‚
1166 2923 1320 2969 «asim,
1351 2914 1645 2965 adolescens,
1678 2913 1886 2969 juvenis„
1914 2923 2061 2970 νεᾶνις,

329 2990 574 3046 juvencula
594 2997 751 3047 ‚vd-aeq,
775 3005 942 3044 nanus,
982 2999 1079 3033 erat
1115 2990 1277 3034 eadem
1305 3005 1356 3032 ac
1384 2992 1540 3032 chnccs
1569 2990 1706 3042 deus,
1725 2989 1886 3032 eadem
1912 3006 1963 3032 ac
1991 2999 2062 3038 vix

336 3080 413 3108 seu
430 3081 552 3108 nova
568 3067 697 3121 luna,
715 3082 814 3123 quae
831 3066 1133 3123 tuncjuvcnis
1160 3075 1202 3109 et
1230 3082 1347 3110 nana
1368 3075 1454 3121 est,
1471 3075 1539 3119 et,
1559 3065 1673 3108 sicut
1696 3066 1867 3120 Diana,
1887 3066 2059 3124 juven—

337 3142 445 3184 culae
473 3158 648 3186 cornua
681 3142 863 3201 praefert
897 3160 904 3184 :
939 3143 1097 3187 ultima
1133 3144 1255 3186 enim
1290 3143 1385 3186 dies
1412 3152 1479 3201 get
1512 3142 1686 3200 prima,
1712 3159 1792 3185 seu
1818 3142 2059 3206 22051mv'32?)

337 3217 505 3260 lunaris
535 3218 704 3261 mensis
741 3219 981 3263 dicebatur
1015 3229 1077 3271 ἔψη
1116 3227 1183 3267 καὶ
1228 3229 1320 3272 vs'z,
1359 3219 1486 3277 quasi
1524 3228 1652 3262 vetus
1695 3229 1738 3262 et
1778 3235 1901 3264 nova
1938 3221 2059 3263 luna.

338 3292 474 3336 Unde
513 3294 671 3337 videre
711 3304 776 3338 est
816 3296 910 3337 haec
952 3297 1110 3339 omnia
1150 3297 1341 3339 nomina
1383 3311 1477 3337 csse
1516 3311 1684 3351 graeca,
1721 3298 1785 3338 mi
1822 3298 2061 3354 permultis

339 3370 559 3428 exemplis
588 3370 681 3425 jam
713 3372 1040 3415 demonstravi.
1081 3373 1458 3415 Machabaeorum
1490 3388 1661 3414 nomen
1689 3373 1837 3431 ipsum
1865 3388 2058 3431 graecum
