2248 3697
399 257 419 303 lg
431 251 455 291 6
1140 254 1160 295 J
1169 253 1379 296 USTINI

397 368 593 409 turam.
630 358 754 408 Haec
792 375 963 429 quum
1011 353 1182 409 relata
1227 357 1616 431 Carthaginem
1651 367 1858 425 essent,
1899 356 2122 409 nuntius

398 456 510 529 ipse
541 454 607 506 ab
634 453 866 509 inimicis
892 454 1176 510 Annibalis
1199 454 1711 530 comprehenditur,
1744 467 1798 508 et
1822 453 2122 530 perductus

398 554 452 605 in
489 564 766 623 senatum,
791 574 963 629 quum
986 555 1421 630 interrogaretur
1452 554 1521 609 ad
1551 575 1713 630 quem
1736 554 1932 607 missus
1959 565 2123 623 esset,

398 653 602 726 punico
646 653 867 730 ingenio
922 652 1236 727 respondit,
1291 674 1345 706 se
1389 653 1456 707 ad
1507 655 1825 708 universum
1877 664 2124 706 senatum

398 753 624 807 missum
654 774 665 806 :
694 773 793 806 nec
823 753 968 806 enim
998 752 1103 805 hoc
1139 772 1277 826 opus
1313 750 1684 827 singulorum,
1722 752 1815 807 sed
1840 752 2124 806 universo-

398 873 522 906 rum
540 873 668 907 esse.
690 854 840 907 Dum
864 849 1050 904 multis
1073 850 1261 904 diebus
1294 849 1623 920 deliberant,
1648 873 1718 905 an
1740 873 1866 906 eum
1892 855 2123 907 Romam

398 951 467 1006 ad
499 949 841 1028 purgandam
876 948 1152 1025 publicam
1186 950 1575 1003 conscientiam
1611 950 1861 1021 mittant,
1897 952 2122 1020 tacitus,

399 1071 695 1105 conscensa
722 1070 884 1119 nave,
920 1048 988 1103 ad
1012 1047 1342 1104 Annibalem
1367 1049 1663 1103 revertitur
1694 1070 1705 1102 :
1731 1069 1841 1124 quo
1873 1051 2093 1125 cognito
2113 1094 2127 1119 ,

398 1151 876 1227 Carthaginienses
925 1147 1070 1203 ultro
1123 1170 1237 1204 rem
1279 1152 1510 1204 Romam
1558 1169 1655 1224 per
1691 1147 1930 1225 legatum
1979 1148 2126 1203 defe-

397 1264 545 1305 runt.
597 1250 833 1305 Romani
876 1269 1095 1325 quoque
1143 1248 1210 1303 ad
1254 1248 1589 1303 Antiochum
1645 1246 1851 1325 legatos
1900 1249 2128 1317 misere,

399 1351 492 1425 qui
534 1350 633 1404 sub
670 1350 846 1424 specie
877 1347 1189 1424 legationiS,
1229 1360 1281 1401 et
1319 1350 1460 1424 regis
1507 1360 1834 1424 apparatum
1879 1347 2129 1425 specula-

399 1462 618 1519 rentur,
665 1461 716 1503 et
748 1447 1074 1503 Annibalem
1107 1460 1199 1501 aut
1231 1448 1494 1501 Romanis
1528 1448 1878 1522 mitigarent,
1911 1460 2005 1502 aut
2045 1468 2130 1502 as-

398 1548 554 1603 siduo
596 1547 868 1623 colloquio
905 1559 1220 1623 suspectum
1265 1548 1612 1621 invisumque
1656 1547 1772 1623 regi
1818 1545 2127 1601 redderent.

395 1653 588 1723 Itaque
609 1647 771 1724 legati
801 1668 973 1723 quum
998 1647 1199 1722 Ephesi
1233 1647 1615 1701 convenissent
1660 1646 1728 1700 ad
1761 1646 2098 1700 Antiochum
2117 1690 2130 1715 ,

397 1748 655 1803 mandata
680 1749 727 1802 ei
757 1759 976 1801 senatus
1001 1746 1244 1801 tradunt.
1265 1749 1416 1800 Dum
1438 1766 1761 1821 responsum
1784 1758 2129 1823 exspectant,

397 1848 652 1902 omnibus
682 1847 871 1902 diebus
899 1845 1102 1900 assidui
1128 1847 1271 1900 circa
1293 1844 1622 1900 Annibalem
1650 1845 1826 1913 fuere,
1860 1845 2128 1915 dicenteS,

398 1947 630 2001 «timide
668 1968 792 2001 eum
818 1967 850 2001 a
881 1947 1060 2022 patria
1086 1947 1389 2015 recessisse,
1426 1966 1595 2019 quum
1637 1965 1827 2021 pacem
1865 1946 2130 2013 Romani,

399 2060 638 2101 nontam
659 2067 785 2101 cum
802 2045 1081 2121 republica
1098 2046 1233 2120 eJUS,
1252 2066 1415 2120 quam
1433 2065 1560 2099 cum
1582 2065 1645 2098 eo
1667 2043 1863 2099 factam
1878 2088 1891 2115 ,
1918 2065 2132 2099 summa

399 2147 501 2201 fide
534 2146 844 2202 custodiant
870 2169 879 2199 ε
910 2167 1007 2200 nec
1032 2143 1174 2200 bella
1199 2166 1323 2200 eum
1360 2148 1741 2199 Romanorum
1770 2146 1942 2220 magis
1971 2144 2130 2216 odio,

400 2267 561 2321 quam
612 2248 798 2322 patriae
849 2266 1032 2299 amore
1083 2246 1339 2321 gessisse,
1388 2245 1476 2298 cui
1530 2244 1596 2297 ab
1651 2246 1861 2320 optimo
1911 2266 2131 2320 quoque

399 2355 559 2400 etiam
605 2347 826 2422 spiritus
871 2347 984 2421 ipse
1031 2345 1310 2400 debeatur.
1349 2348 1459 2399 Has
1507 2345 1649 2398 enim
1695 2343 1943 2420 publicas
1989 2346 2132 2399 inter

401 2445 654 2522 popuIOS,
688 2467 799 2500 non
825 2447 1062 2521 privatas
1089 2447 1231 2500 inter
1254 2445 1418 2500 duces
1436 2489 1449 2513 ,
1473 2444 1711 2499 bellandi
1739 2465 1927 2499 causas
1963 2465 2091 2498 esse.
2108 2469 2132 2493 n

398 2545 533 2600 Inde
561 2567 644 2600 res
681 2558 856 2622 gestas
901 2545 1016 2619 ejus
1068 2543 1305 2598 laudare.
1356 2544 1611 2614 Quorum
1654 2563 1902 2597 sermone
1948 2542 2130 2613 laetus,

401 2647 595 2720 saepius
627 2644 988 2721 cupidiusque
1014 2664 1141 2697 cum
1173 2641 1366 2720 legatis
1402 2641 1846 2717 colloquebatur,
1880 2645 2130 2719 ignarus,

401 2745 548 2819 quod
583 2743 946 2798 familiaritate
970 2763 1201 2797 romana
1231 2742 1419 2797 odium
1453 2743 1553 2796 sibi
1581 2741 1728 2816 apud
1759 2761 1942 2816 regem
1982 2763 2129 2795 crea-

401 2858 496 2899 ret.
536 2845 759 2920 Quippe
801 2843 1106 2899 Antiochus
1153 2853 1264 2895 tam
1303 2840 1521 2894 assiduo
1568 2838 1843 2914 colloquio
1886 2840 2127 2894 reconci-

404 2943 585 2998 liatam
614 2945 730 3018 ejus
763 2964 887 2998 cum
927 2941 1193 2996 Romanis
1244 2940 1474 3015 gratiam
1514 2939 1851 3007 existimans,
1894 2937 2029 2993 nihil
2065 2938 2131 2993 ad

405 3066 555 3114 eum,
602 3045 761 3098 sicuti
808 3041 1045 3111 solebat,
1080 3040 1310 3108 referre,
1354 3051 1740 3114 expertemque
1790 3041 1956 3093 totius
2002 3062 2132 3095 con-

407 3145 539 3209 silii,
577 3142 742 3197 veluti
775 3142 986 3195 hostem
1028 3139 1479 3215 proditoremque
1510 3157 1697 3204 sumn,
1736 3137 1911 3191 odisse
1948 3141 2126 3214 coepit.

407 3247 543 3313 Quae
580 3265 659 3297 res
694 3253 908 3295 tantum
944 3251 1268 3314 apparatum
1299 3237 1457 3306 belh,
1500 3251 1743 3292 cessante
1782 3240 2129 3313 imperatoria
