2248 3697
429 281 482 332 74
1169 269 1406 314 JUSTINI

424 378 607 442 sisset,
652 373 833 427 statim
878 393 987 428 non
1034 374 1099 428 de
1143 375 1414 450 regendO,
1451 373 1544 429 sed
1583 374 1648 427 de
1685 373 1934 449 augendo
1973 392 2138 450 regno

423 474 696 550 cogitavit.
750 476 941 548 Itaque
989 474 1250 548 Scythae,
1300 474 1530 528 invictos
1581 484 1772 542 antea,
1821 473 1914 546 qui
1963 476 2140 547 Zopy-

420 575 605 643 riona,
644 571 937 628 Alexandri
976 573 1169 648 Magni
1213 571 1436 641 ducem,
1479 593 1604 626 eum
1643 572 1864 646 triginta
1902 570 2141 626 millibus

420 684 756 727 armatorum
796 670 1143 742 deleverant3
1178 671 1272 745 qui
1311 673 1549 745 Cyrum,
1590 673 1881 724 Persarum
1922 690 2140 746 regem,

421 793 544 826 cum
589 771 839 827 ducentis
885 770 1125 825 millibus
1168 769 1612 838 trucidaverant,
1655 770 1749 844 qui
1790 769 2141 845 Philippum,

418 872 785 928 Macedonum
827 891 1039 946 regem,
1083 869 1435 944 fugaverant,
1478 870 1686 943 ingenti
1728 868 1982 924 felicitate
2021 890 2144 945 per-

419 972 646 1027 domuit.
678 975 887 1027 Auctus
920 970 1087 1045 igitur
1117 969 1326 1022 viribus
1356 971 1596 1022 Pontum
1626 988 1875 1042 quoque,
1906 990 1968 1023 ac
1997 969 2148 1023 dein-

418 1093 541 1147 ceps
574 1069 977 1146 Cappadociam
1012 1068 1314 1143 occupavit.
1358 1068 1550 1138 Quum
1591 1065 1657 1120 de
1696 1068 1823 1121 Asia
1860 1078 2143 1135 tractaret,

418 1173 612 1226 tacitus
655 1191 781 1225 cum
831 1167 1157 1244 quibusdam
1204 1168 1390 1222 amicis
1440 1187 1612 1241 regno
1661 1166 1970 1242 profectUS,
2022 1168 2145 1221 uni·

417 1292 658 1341 versam,
708 1270 924 1324 nemine
973 1269 1203 1338 sciente,
1251 1278 1579 1343 pervagatus
1629 1278 1744 1334 est;
1792 1268 2146 1341 omniumque

418 1373 638 1425 urbium
693 1371 857 1424 situm
907 1389 968 1422 ac
1020 1368 1267 1442 regiones
1315 1367 1592 1441 cognovit,
1649 1364 1783 1420 lnde
1834 1366 2147 1441 Bithyniam

418 1469 780 1537 transcendit,
814 1480 889 1538 et,
923 1468 1077 1541 quasi
1102 1466 1357 1520 dominus
1385 1466 1548 1533 Asiae,
1577 1476 1891 1540 opportuna
1917 1485 2148 1540 quaeque

417 1571 656 1624 victoriae
691 1589 800 1623 suae
839 1579 1074 1622 metatus
1113 1579 1208 1620 est.
1252 1568 1384 1620 Post
1423 1564 1537 1619 haec
1578 1565 1633 1617 in
1673 1584 1935 1640 regnum,
1975 1551 2146 1640 quum

414 1671 526 1745 jam
565 1670 765 1745 perisse
811 1667 1152 1736 crederetur,
1201 1685 1449 1719 reversus
1495 1676 1605 1735 est,
1648 1665 1871 1719 invento
1916 1664 2148 1740 parvulo

418 1768 556 1837 filio,
591 1788 755 1842 quem
793 1787 889 1842 per
928 1766 1228 1820 absentiam
1270 1765 1385 1839 ejus
1430 1764 1664 1818 Laodice
1709 1784 1863 1818 soror
1903 1785 2151 1839 uxorque

419 1870 577 1924 enixa
618 1868 809 1922 fuerat.
857 1866 963 1921 Sed
1002 1868 1144 1920 inter
1185 1863 1609 1941 gratuiationem
1649 1863 1913 1917 adventus
1950 1864 2064 1933 sui,
2099 1876 2150 1917 et

420 1969 514 2023 filii
555 1969 747 2044 geniti,
790 1987 999 2021 veneno
1040 1964 1374 2041 periclitatus
1417 1976 1496 2018 est
1541 1985 1550 2017 :
1601 1962 1868 2037 siquidem
1913 1962 2151 2018 Laodice

421 2090 599 2136 soror,
634 2088 805 2143 quum
841 2067 1043 2142 perisse
1082 2086 1206 2119 eum
1240 2063 1512 2132 crederet,
1553 2065 1608 2117 in
1652 2062 1978 2117 concubitus
2018 2064 2149 2116 ami-

420 2188 608 2222 corum
645 2167 909 2242 projecta,
946 2165 1099 2239 quasi
1132 2163 1429 2217 admissum
1464 2162 1674 2216 facinus
1709 2163 1915 2236 majore
1953 2159 2151 2214 scelere

423 2282 600 2343 tegere
633 2279 838 2343 posset,
870 2286 1144 2319 venenum
1175 2262 1486 2317 advenienti
1522 2263 1749 2337 paravit.
1783 2259 1946 2331 Quod
1979 2280 2151 2335 quum

421 2389 486 2422 ex
522 2367 719 2423 ancilla
757 2365 1103 2420 Mithridates
1140 2364 1512 2440 cognovisset,
1553 2362 1762 2415 facinus
1806 2362 1861 2414 in
1903 2371 2151 2414 auctores

425 2468 732 2522 vindicavit.

503 2570 597 2621 IV.
644 2571 849 2641 Hyeme
878 2565 1073 2619 deinde
1103 2576 1417 2640 appetente,
1450 2585 1559 2617 non
1585 2564 1641 2616 in
1667 2561 1944 2631 convivio,
1976 2561 2063 2614 sed
2096 2563 2149 2614 in

426 2688 651 2742 campo,
698 2687 806 2720 non
853 2667 905 2719 in
956 2665 1357 2732 vacationibus,
1405 2663 1495 2717 sed
1542 2664 1594 2715 in
1640 2661 2150 2729 exercitationibus,

427 2789 523 2822 nec
548 2769 687 2820 inter
713 2764 947 2835 sodales,
969 2764 1063 2818 sed
1088 2766 1227 2818 inter
1253 2762 1508 2838 aequales,
1533 2775 1627 2816 aut
1651 2781 1818 2835 equo,
1843 2772 1937 2814 aut
1959 2781 2150 2828 cursu,

427 2880 521 2922 aut
544 2867 750 2921 viribus
777 2864 1156 2919 contendebat.
1186 2866 1504 2919 Exercitum
1530 2880 1746 2936 quoque
1773 2881 1932 2914 suum
1958 2859 2027 2914 ad
2051 2881 2148 2935 pa-

430 2989 542 3022 rem
567 2966 766 3021 laboris
794 2967 1109 3040 patientiam
1132 2963 1452 3039 quotidiana
1477 2961 1855 3015 exercitatione
1882 2960 2114 3013 durabat
2136 2980 2150 3028 3

432 3079 591 3140 atque
614 3068 685 3120 ita
714 3066 947 3119 invictus
975 3066 1088 3140 ipse
1114 3061 1589 3139 inexpugnabilem
1614 3061 1908 3113 exercitum
1935 3060 2146 3113 fecerat.

431 3167 571 3218 Inita
621 3165 811 3218 deinde
863 3186 986 3218 cum
1035 3163 1333 3220 Nicomede
1385 3161 1670 3230 societate,
1721 3157 2147 3234 Paphlagoniam

435 3265 663 3335 invadit,
695 3266 996 3338 victamque
1024 3284 1148 3317 cum
1173 3263 1316 3317 socio
1340 3259 1545 3314 dividit.
1575 3261 1755 3329 Quam
1781 3278 1952 3332 quum
1979 3257 2148 3311 teneri
