2315 3868
429 417 453 444 2
467 399 518 444 18
846 393 1339 439 ADNOTATIONES
1375 393 1441 436 IN
1477 393 1711 437 JUSTINI

423 492 685 539 Menandro
717 497 843 549 gesta
876 499 999 544 erat,
1024 490 1102 548 qui
1132 488 1429 534 Eucratidem
1460 487 1703 547 praecessit.
1733 486 1854 530 Vide
1878 489 2108 532 Rumon
2126 522 2138 544 ‚

424 587 469 628 p.
505 568 589 625 75,
614 567 688 626 89.

487 643 724 687 Demetrii.
759 641 851 697 Qui
884 640 1004 685 filius
1039 643 1320 702 Euthydemi
1348 651 1445 686 erat
1475 649 1519 685 et
1548 649 1655 684 ante
1683 640 1996 684 Menandrum
2020 641 2137 684 Bac-

423 723 582 764 trianae
614 735 709 763 rex.
757 718 879 762 Vide
911 719 1168 777 Butrium,
1198 720 1284 763 loc.
1328 719 1431 772 cit.‚
1469 733 1514 776 p.
1540 732 1631 776 923
1668 725 1713 760 et
1746 719 1964 770 [mss-mn,
2002 716 2110 760 diss.
2131 749 2142 770 ‚

425 813 470 856 p.
511 796 656 841 50-52
690 813 790 855 sqq.

491 875 678 917 Indiam
707 874 753 916 in
768 883 1053 933 potestatem
1070 872 1259 931 redegit.
1296 875 1433 914 Anno
1467 870 1555 923 146
1582 887 1621 913 a.
1643 871 1693 915 C.
1722 871 1780 913 N.
1797 904 1808 925 ‚
1834 885 1891 913 ex
1925 868 2143 928 quaestio-

425 951 562 993 nibus
593 950 785 1008 Bayeri,
814 966 859 1008 p.
898 965 1053 1009 92-99
1083 964 1183 1006 sqq.

490 1029 536 1070 A
559 1025 686 1084 filio.
720 1026 815 1080 Qui
851 1035 895 1070 et
932 1026 1030 1084 ipse
1069 1023 1338 1067 Eucratides
1372 1022 1641 1066 vocabatur.
1676 1021 1796 1064 Vide
1825 1022 1999 1066 Eum.
2035 1024 2145 1066 Post

427 1118 599 1146 annum
630 1117 741 1145 vero
775 1109 862 1154 142
901 1119 940 1145 a.
967 1102 1016 1146 C.
1043 1101 1101 1144 N.
1136 1099 1432 1143 bactrianum
1470 1098 1717 1157 imperium
1749 1097 1919 1140 sensim
1946 1097 1996 1140 in
2027 1101 2142 1142 Par—

426 1181 612 1223 thorum
644 1187 920 1237 potestatem
952 1176 1193 1222 concessit.
1228 1176 1349 1219 Vide
1380 1177 1573 1218 LASSEN.
1594 1209 1605 1229 ‚
1634 1190 1680 1233 p.
1722 1173 1796 1228 54.

493 1256 822 1312 Hyrcaniam...
861 1256 1189 1310 Elymaeorum.
1223 1252 1345 1296 Vide
1367 1253 1654 1307 VA1LLANT„
1675 1253 1876 1304 Annal.,
1912 1268 1957 1310 p.
1990 1257 2064 1304 [μ.

996 1410 1069 1454 IN
1104 1409 1381 1452 LIBRUM
1417 1409 1586 1451 XLII.

498 1552 601 1593 CAP.
621 1551 656 1592 I.
676 1547 955 1591 Plzrahates.
983 1544 1214 1603 Septimus
1234 1545 1444 1596 Arsaces,
1468 1541 1546 1599 qui
1564 1542 1913 1601 intelligebatur
1930 1559 2123 1587 xxxv111
2140 1578 2152 1598 ,

431 1643 468 1669 c.
496 1641 525 1684 9
551 1633 595 1668 et
630 1640 698 1666 10.

501 1699 739 1744 Antiocho.
776 1697 949 1742 Sidete.

499 1778 752 1819 Himeram.
803 1772 1082 1817 Posidonius
1145 1771 1269 1830 apud
1324 1771 1621 1823 Athenaeum,
1674 1785 1753 1824 x1‚
1803 1786 1848 1829 p.
1905 1770 2022 1827 466,
2056 1772 2091 1813 Β
2141 1786 2150 1813 :

429 1853 562 1915 ἵμερος
615 1860 631 1898 ὁ
682 1858 928 1913 τυραννήσας
963 1858 1003 1896 οὐ
1052 1856 1163 1910 μόνον
1210 1860 1286 1894 τῶν
1322 1853 1609 1904 Βαβυλωνίων,
1654 1853 1756 1894 ἀλλὰ
1801 1852 1870 1894 καὶ
1915 1854 2152 1895 Σελευκέων.

431 1930 571 1973 Plura
600 1927 725 1985 apud
756 1926 974 1968 Vaillant.
1000 1926 1201 1976 Amasti,
1232 1939 1276 1981 p.
1311 1922 1386 1965 62.

501 2003 605 2046 CAP.
639 2003 725 2045 III.
756 2002 1031 2060 AEgialeum.
1053 2001 1162 2053 Vel,
1198 2008 1245 2042 ut
1279 1999 1356 2040 alii
1391 2000 1523 2041 MSS.
1543 2032 1554 2053 ‚
1587 1998 1843 2057 AEgialium
1871 2015 1885 2040 .-
1913 1997 2153 2041 Diodorus

433 2094 620 2138 quoque
650 2079 773 2121 hunc
804 2079 946 2121 AEetae
977 2085 1021 2120 et
1053 2077 1247 2119 Hecates
1271 2073 1419 2117 filium
1448 2074 1561 2117 dicit
1585 2083 1803 2138 Αἰγιαλέα,
1830 2075 1971 2132 vulgo
2001 2082 2152 2116 autem

436 2156 664 2215 Absyrtus
703 2163 909 2197 vocatur.
955 2152 1077 2196 Vide
1121 2152 1323 2209 interpp.
1366 2150 1425 2193 ad
1475 2153 1665 2205 Cmnn„
1700 2153 1759 2194 cle
1790 2152 1897 2194 Nat.
1935 2152 2153 2202 deorum,

438 2247 524 2287 111,
557 2247 594 2275 c.
636 2246 705 2289 19.

505 2309 609 2351 CAP.
658 2308 735 2350 IV.
769 2307 922 2365 Igitur
948 2307 1277 2359 Mithridates,
1321 2321 1401 2349 rex
1424 2305 1478 2348 P.
1516 2304 1682 2348 Subito
1729 2304 1804 2346 hic
1843 2304 2050 2347 Justinus
2098 2303 2158 2346 ab

439 2400 570 2428 nono
605 2384 695 2426 hoc
733 2384 927 2436 Arsace,
958 2382 1230 2426 Mithridate
1261 2383 1466 2440 Magno,
1492 2396 1591 2438 cap.
1632 2395 1682 2434 2,
1717 2379 1883 2423 transit
1917 2380 1976 2423 ad
2009 2381 2157 2424 Arsa—

439 2476 539 2505 cem
582 2459 810 2503 decimum
856 2458 1066 2510 tertium,
1118 2466 1162 2501 et
1195 2458 1348 2515 ipsum
1378 2456 1701 2501 Mithridatem
1736 2456 1949 2510 nomine,
1999 2456 2077 2514 qui
2120 2471 2158 2498 a.

441 2538 502 2581 60
542 2553 581 2579 a.
622 2537 670 2581 C.
711 2535 769 2578 N.
819 2535 1066 2593 imperium
1102 2533 1424 2591 capessiverat.
1469 2533 1644 2575 Vitium
1692 2534 1780 2576 hoc
1825 2532 2019 2586 Justini‚
2061 2547 2158 2575 non

440 2613 652 2672 Pompeii
696 2628 791 2656 esse
833 2611 1037 2656 ostendit
1072 2608 1375 2665 Vaillanfius,
1420 2610 1468 2653 in
1503 2612 1675 2653 Annal.
1696 2644 1709 2662 ,
1757 2626 1801 2668 p.
1830 2609 1917 2663 68,
1948 2610 2043 2652 haec
2075 2608 2160 2652 ad—

443 2690 558 2733 dens
584 2705 634 2732 z«
662 2688 877 2733 Forsitan
909 2688 1129 2746 deceptus
1156 2696 1223 2730 est
1246 2686 1476 2741 Justinus,
1503 2687 1630 2745 quod
1646 2696 1839 2745 uterque
1866 2685 2159 2729 Mithridates

442 2767 616 2809 bellum
667 2780 770 2808 cum
825 2763 1109 2818 Artavasde,
1159 2762 1494 2806 Armeniorum
1535 2779 1670 2822 rege,
1706 2762 1910 2821 gesserit.
1959 2764 2016 2804 At
2064 2761 2159 2803 duo

447 2851 568 2885 certe
596 2841 730 2898 hujus
762 2840 965 2884 nominis
1004 2839 1236 2883 Armeniae
1261 2838 1492 2897 principes
1525 2841 1765 2893 exstitere,
1802 2852 1916 2880 unus
1947 2836 2161 2895 Tigranis

447 2917 644 2974 junioris
678 2932 816 2971 avus,
852 2918 969 2960 alter
1000 2916 1135 2973 hujus
1165 2915 1380 2974 Tigranis
1404 2913 1538 2958 filius.
1565 2936 1582 2954 »

522 2994 750 3036 Crassum.
784 2997 838 3036 A.
877 2992 935 3036 53
973 3009 1012 3038 a.
1050 2994 1098 3038 C.

518 3070 702 3113 Filium.
729 3071 764 3114 I.
800 3086 837 3113 e.
867 3072 932 3112 M.
959 3071 1186 3113 Crassum.

521 3147 647 3188 Inita
688 3161 789 3188 cum
816 3146 1022 3188 Labieno
1047 3146 1277 3188 societate.
1316 3146 1360 3187 Is
1397 3145 1521 3188 enim
1552 3160 1575 3186 a
1605 3144 1747 3185 Bruto
1780 3142 1839 3185 ad
1875 3140 2045 3185 auxilia
2084 3155 2163 3182 ar-

457 3221 675 3264 cessenda
705 3221 868 3264 missus
900 3222 1071 3277 fuerat3
1107 3222 1187 3265 sed
1218 3237 1357 3279 quum
1392 3220 1440 3263 in
1467 3219 1618 3263 reditu
1644 3219 1903 3262 debellatos
1936 3216 2165 3260 occisores

461 3295 646 3339 Caesaris
682 3297 740 3340 ad
785 3297 1026 3356 Philippos
1065 3298 1367 3356 percepisset,
1406 3295 1453 3336 in
1495 3295 1689 3337 Parthos
1731 3309 1940 3337 reversus
1979 3300 2058 3336 est.
2094 3291 2167 3334 Ibi

462 3382 695 3429 comperta
729 3374 920 3417 Antonii
948 3374 1125 3418 desidia
1143 3409 1153 3426 ‚
1178 3382 1338 3417 auctor
1361 3370 1459 3428 regi
1488 3370 1570 3413 fuit
1586 3405 1596 3425 ,
1630 3379 1676 3413 ut
1700 3371 1873 3414 bellum
1897 3368 2133 3427 inciperet.
