2315 3868
472 319 706 363 JUSTlNI
742 315 1185 361 HISTORIARL'M
1226 312 1339 353 LH'».
1381 311 1528 352 XLII.
1770 301 1854 345 105

129 424 219 478 diu
254 425 493 499 cupitam
526 421 855 497 captivitatis
888 418 1179 477 ultionem,
1211 415 1475 468 exercitus
1503 409 1773 478 Parthici,
1806 419 1859 460 ct

129 525 297 599 ipsius
328 524 614 577 Phrahatis
645 520 786 595 regis
817 529 1045 571 cruenta
1077 515 1220 569 caede
1251 515 1490 567 exsecuti
1527 524 1670 566 sunt.

209 625 276 676 Π.
323 626 385 676 In
416 621 578 695 hujus
604 617 786 673 locum
816 616 1152 684 Artabanus,
1184 626 1414 689 patruus
1441 614 1580 686 ejus,
1611 632 1704 664 rex
1734 610 1858 663 sul)-

131 724 390 777 stituitur.
445 720 656 794 Scythae
699 729 882 772 autem
925 716 1170 770 contenti
1218 713 1478 781 victoria,
1527 709 1859 784 depopulata

134 821 383 888 Parthia,
421 820 475 872 in
510 819 743 893 patriam
780 827 1150 870 revertuntur.
1189 812 1295 868 Sed
1334 811 1681 875 Artabanus,
1716 807 1858 863 bello

130 920 414 995 Thogariis
458 917 639 987 illato,
675 919 729 971 in
764 916 986 971 brachio
1025 914 1373 982 vulneratus,
1413 912 1595 966 statim
1631 908 1855 963 decedit.

129 1019 272 1073 Huic
308 1018 653 1072 Mithridates
698 1016 839 1071 filius
879 1014 1118 1069 succedit
1161 1035 1171 1067 :
1212 1013 1300 1066 cui
1341 1033 1424 1065 res
1465 1022 1627 1087 gestae
1670 1010 1858 1084 Magni

130 1139 432 1194 cognomen
465 1118 660 1172 dedere
685 1139 695 1171 :
721 1117 923 1191 quippe
954 1114 1253 1169 claritatem
1289 1123 1612 1188 parentum,
1642 1106 1860 1163 aemula-

134 1220 281 1273 tione
317 1219 534 1272 virtutis
571 1237 859 1286 accensus,
894 1215 1063 1269 animi
1100 1212 1481 1288 magnitudine
1519 1207 1863 1286 supergredi-

132 1331 238 1372 tur.
268 1316 450 1372 Multa
478 1317 645 1391 igitur
674 1314 819 1369 bella
849 1335 974 1367 cum
1006 1312 1252 1366 finitimis
1282 1331 1481 1365 maana
1513 1311 1716 1363 virtute
1749 1328 1861 1382 ges*

1375 1354 1405 1386 t>

133 1419 228 1484 sit,
265 1415 578 1490 multosque
616 1412 851 1491 populos
891 1413 1150 1468 Parthico
1190 1432 1361 1487 regno
1400 1408 1626 1464 addidit.
1668 1407 1772 1462 Sed
1813 1419 1867 1460 et

133 1537 255 1570 cum
289 1516 502 1591 Scythis
536 1535 796 1590 prospere
830 1512 1115 1588 aliquoties
1151 1512 1458 1580 dimicavit,
1495 1508 1752 1582 ultorque
1784 1508 1863 1559 in-

130 1617 286 1689 juriae
326 1626 617 1691 parentum
652 1613 771 1667 fuit.
806 1613 889 1668 Ad
923 1624 1264 1687 postremum
1303 1608 1637 1673 Ortoadisti,
1672 1609 1865 1661 Arme-

136 1719 353 1768 niorum
385 1715 525 1789 regi,
556 1711 764 1767 bellum
797 1711 998 1766 intulit.
1036 1711 1139 1765 Sed
1173 1710 1432 1783 quoniam
1465 1709 1518 1761 in
1551 1708 1864 1762 Armeniam

136 1815 428 1867 transitum
478 1812 738 1882 facimUS,
783 1812 938 1887 origo
986 1811 1100 1885 ejus
1145 1808 1309 1885 paulo
1356 1806 1518 1861 altius
1569 1805 1864 1881 repetenda

136 1923 229 1965 est.
270 1912 462 1986 Neque
500 1912 645 1965 enim
690 1910 906 1965 silentio
950 1910 1215 1986 praeteriri
1255 1920 1471 1962 tantum
1513 1927 1746 1981 regnum
1792 1905 1868 1959 fas

137 2024 239 2080 est,
268 2033 441 2087 quum
471 2011 603 2066 fines
633 2013 773 2087 ejus,
807 2023 929 2086 post
959 2010 1264 2078 Parthiam,
1296 2010 1542 2063 omnium
1577 2027 1868 2082 regnorum

138 2110 570 2188 magnitudinem
602 2123 861 2187 superent
893 2132 904 2164 :
939 2109 1209 2184 siquidem
1236 2109 1494 2164 Armenia
1527 2128 1557 2160 a
1587 2105 1872 2181 Cappado-

137 2213 219 2265 cia
249 2232 420 2286 usque
458 2232 607 2265 mare
641 2213 904 2287 Caspium
938 2209 1193 2263 undecies
1228 2220 1449 2263 centum
1488 2205 1656 2261 millia
1687 2217 1870 2280 patet,

139 2310 230 2365 sed
268 2312 323 2364 in
359 2309 710 2367 latitudinem
742 2310 915 2365 millia
955 2331 1216 2386 passuum
1259 2310 1602 2384 septingenta
1640 2306 1874 2380 porrigi—

139 2424 245 2464 tur.
288 2409 524 2466 Condita
565 2421 645 2465 est
684 2422 867 2465 autem
914 2411 981 2464 ab
1031 2410 1327 2477 ArmeniO,
1371 2407 1582 2462 Jasonis
1629 2404 1872 2461 Thessali

140 2511 369 2580 comite3
400 2531 562 2585 quem
593 2531 766 2585 quum
794 2510 1071 2586 perditum
1101 2522 1329 2586 propter
1357 2509 1628 2584 insignem
1654 2507 1873 2581 pericu-

141 2609 420 2685 losamque
450 2630 619 2685 regno
646 2630 744 2663 suo
769 2610 1030 2663 virtutem
1053 2608 1230 2663 Pelias
1258 2630 1353 2662 rex
1378 2620 1631 2682 cuperet,
1658 2606 1873 2660 denun-

143 2712 272 2764 tiata
317 2708 541 2779 militia,
590 2710 644 2762 in
692 2707 926 2763 Colchos
974 2730 1100 2762 eum
1145 2709 1292 2762 abire
1331 2708 1516 2782 jubet,
1562 2705 1871 2782 pellemque

143 2811 325 2864 arietis
356 2808 765 2864 memorabilem
793 2809 1047 2885 gentibus
1087 2821 1396 2884 reportare,
1428 2829 1650 2882 sperans
1683 2808 1875 2861 interi-

145 2922 263 2963 tum
289 2911 415 2979 viri,
442 2922 535 2965 aut
561 2930 624 2963 ex
652 2907 906 2983 periculis
935 2920 1043 2962 tam
1068 2906 1245 2983 longae
1270 2908 1660 2982 navigationi5‚
1689 2919 1784 2960 aut
1810 2927 1874 2960 ex

146 3007 290 3063 hello
329 3021 440 3064 tam
480 3009 766 3084 profundae
813 3008 1091 3061 barbariae.
1141 3008 1318 3082 Igitur
1359 3009 1557 3076 Jason,
1598 3005 1874 3081 divulgata

148 3108 405 3183 opinione
438 3120 548 3162 tam
589 3107 836 3184 gloriosae
873 3106 1257 3182 expeditioniS,
1293 3126 1465 3181 quum
1498 3104 1566 3159 ad
1603 3126 1726 3159 eum
1762 3126 1878 3158 cer-

150 3209 303 3261 tatim
338 3208 609 3281 principes
637 3209 941 3282 juventutis
983 3209 1153 3261 totius
1193 3207 1361 3261 ferme
1401 3206 1549 3260 orbis
1585 3226 1877 3259 concurre-

150 3321 296 3378 rent,
331 3307 623 3362 exercitum
660 3308 1081 3363 fortissimorum
1115 3308 1384 3376 virorum,
1418 3308 1511 3381 qui
1545 3309 1877 3381 Argonautae
