<?xml version="1.0" encoding="UTF-8"?>
<!DOCTYPE html PUBLIC "-//W3C//DTD XHTML 1.0 Transitional//EN"
    "http://www.w3.org/TR/xhtml1/DTD/xhtml1-transitional.dtd">
<html xmlns="http://www.w3.org/1999/xhtml" xml:lang="en" lang="en">
 <head>
  <title>
</title>
<meta http-equiv="Content-Type" content="text/html;charset=utf-8" />
  <meta name='ocr-system' content='tesseract 3.04.00' />
  <meta name='ocr-capabilities' content='ocr_page ocr_carea ocr_par ocr_line ocrx_word'/>
</head>
<body>
  <div class='ocr_page' id='page_1' title='image "./historiarumphili00justuoft_0160.png"; bbox 0 0 2315 3868; ppageno 0'>
   <div class='ocr_carea' id='block_1_1' title="bbox 426 324 1567 381">
    <p class='ocr_par' dir='ltr' id='par_1_1' title="bbox 426 324 1567 381">
     <span class='ocr_line' id='line_1_1' title="bbox 426 324 1567 381; baseline -0.003 -10"><span class='ocrx_word' id='word_1_1' title='bbox 426 333 512 381; x_wconf 74' lang='lat'>144</span> <span class='ocrx_word' id='word_1_2' title='bbox 998 324 1188 367; x_wconf 82' lang='lat' dir='ltr'><strong>NOTAE</strong></span> <span class='ocrx_word' id='word_1_3' title='bbox 1226 325 1290 367; x_wconf 91' lang='lat' dir='ltr'>IN</span> <span class='ocrx_word' id='word_1_4' title='bbox 1327 325 1567 368; x_wconf 82' lang='lat' dir='ltr'>JUSTINI</span> 
     </span>
    </p>
   </div>
   <div class='ocr_carea' id='block_1_2' title="bbox 420 429 2148 718">
    <p class='ocr_par' dir='ltr' id='par_1_2' title="bbox 420 429 2148 718">
     <span class='ocr_line' id='line_1_2' title="bbox 422 429 2146 489; baseline -0.001 -14"><span class='ocrx_word' id='word_1_5' title='bbox 422 448 550 486; x_wconf 71' lang='lat' dir='ltr'>xmr,</span> <span class='ocrx_word' id='word_1_6' title='bbox 569 429 618 485; x_wconf 85' lang='lat'>5,</span> <span class='ocrx_word' id='word_1_7' title='bbox 642 430 904 473; x_wconf 76' lang='lat' dir='ltr'><em>Tiridatem.</em></span> <span class='ocrx_word' id='word_1_8' title='bbox 931 430 1155 474; x_wconf 80' lang='lat' dir='ltr'>Caeterum</span> <span class='ocrx_word' id='word_1_9' title='bbox 1172 463 1183 483; x_wconf 91' lang='lat'>,</span> <span class='ocrx_word' id='word_1_10' title='bbox 1201 430 1330 473; x_wconf 87' lang='lat' dir='ltr'>stella</span> <span class='ocrx_word' id='word_1_11' title='bbox 1349 445 1447 488; x_wconf 79' lang='lat' dir='ltr'>quae</span> <span class='ocrx_word' id='word_1_12' title='bbox 1466 430 1586 473; x_wconf 86' lang='lat' dir='ltr'>luxit</span> <span class='ocrx_word' id='word_1_13' title='bbox 1615 446 1739 473; x_wconf 86' lang='lat' dir='ltr'>anno</span> <span class='ocrx_word' id='word_1_14' title='bbox 1766 447 1859 489; x_wconf 90' lang='lat' dir='ltr'>quo</span> <span class='ocrx_word' id='word_1_15' title='bbox 1888 431 2067 489; x_wconf 84' lang='lat' dir='ltr'>genitus</span> <span class='ocrx_word' id='word_1_16' title='bbox 2079 442 2146 476; x_wconf 87' lang='lat' dir='ltr'>est</span> 
     </span>
     <span class='ocr_line' id='line_1_3' title="bbox 420 506 2144 567; baseline 0.001 -15"><span class='ocrx_word' id='word_1_17' title='bbox 420 507 739 561; x_wconf 83' lang='lat' dir='ltr'>Mithridates,</span> <span class='ocrx_word' id='word_1_18' title='bbox 770 506 884 549; x_wconf 88' lang='lat' dir='ltr'>sicut</span> <span class='ocrx_word' id='word_1_19' title='bbox 901 506 980 550; x_wconf 88' lang='lat' dir='ltr'>illa</span> <span class='ocrx_word' id='word_1_20' title='bbox 1009 522 1146 565; x_wconf 87' lang='lat' dir='ltr'>quam</span> <span class='ocrx_word' id='word_1_21' title='bbox 1173 506 1392 550; x_wconf 87' lang='lat' dir='ltr'>viderunt</span> <span class='ocrx_word' id='word_1_22' title='bbox 1415 507 1543 565; x_wconf 86' lang='lat' dir='ltr'>Magi</span> <span class='ocrx_word' id='word_1_23' title='bbox 1566 507 1615 549; x_wconf 93' lang='lat' dir='ltr'>in</span> <span class='ocrx_word' id='word_1_24' title='bbox 1647 506 1864 562; x_wconf 86' lang='lat' dir='ltr'>Oriente,</span> <span class='ocrx_word' id='word_1_25' title='bbox 1889 524 2031 567; x_wconf 88' lang='lat' dir='ltr'>quum</span> <span class='ocrx_word' id='word_1_26' title='bbox 2055 525 2144 553; x_wconf 85' lang='lat' dir='ltr'>na-</span> 
     </span>
     <span class='ocr_line' id='line_1_4' title="bbox 420 582 2147 637; baseline 0.001 -11"><span class='ocrx_word' id='word_1_27' title='bbox 420 594 491 627; x_wconf 86' lang='lat' dir='ltr'>tus</span> <span class='ocrx_word' id='word_1_28' title='bbox 516 591 583 626; x_wconf 89' lang='lat' dir='ltr'>est</span> <span class='ocrx_word' id='word_1_29' title='bbox 606 598 690 626; x_wconf 82' lang='lat' dir='ltr'>rex</span> <span class='ocrx_word' id='word_1_30' title='bbox 713 584 739 626; x_wconf 88' lang='lat' dir='ltr'>J</span> <span class='ocrx_word' id='word_1_31' title='bbox 743 583 1000 637; x_wconf 88' lang='lat' dir='ltr'>udaeorum,</span> <span class='ocrx_word' id='word_1_32' title='bbox 1024 582 1186 626; x_wconf 84' lang='lat' dir='ltr'><strong>lucifer</strong></span> <span class='ocrx_word' id='word_1_33' title='bbox 1208 591 1305 626; x_wconf 88' lang='lat' dir='ltr'>erat</span> <span class='ocrx_word' id='word_1_34' title='bbox 1320 616 1331 636; x_wconf 90' lang='lat'>‚</span> <span class='ocrx_word' id='word_1_35' title='bbox 1346 590 1390 626; x_wconf 87' lang='lat' dir='ltr'>et</span> <span class='ocrx_word' id='word_1_36' title='bbox 1402 583 1492 626; x_wconf 89' lang='lat' dir='ltr'>hoc</span> <span class='ocrx_word' id='word_1_37' title='bbox 1510 583 1567 627; x_wconf 91' lang='lat' dir='ltr'>de</span> <span class='ocrx_word' id='word_1_38' title='bbox 1597 584 1743 627; x_wconf 88' lang='lat' dir='ltr'>altero</span> <span class='ocrx_word' id='word_1_39' title='bbox 1775 584 2046 628; x_wconf 87' lang='lat' dir='ltr'>Mithridate</span> <span class='ocrx_word' id='word_1_40' title='bbox 2064 600 2147 627; x_wconf 86' lang='lat' dir='ltr'>an-</span> 
     </span>
     <span class='ocr_line' id='line_1_5' title="bbox 422 659 2148 718; baseline 0.001 -16"><span class='ocrx_word' id='word_1_41' title='bbox 422 659 623 718; x_wconf 83' lang='lat' dir='ltr'>tiquiore</span> <span class='ocrx_word' id='word_1_42' title='bbox 654 659 960 718; x_wconf 85' lang='lat' dir='ltr'>fabulosoque</span> <span class='ocrx_word' id='word_1_43' title='bbox 1000 659 1201 714; x_wconf 82' lang='lat' dir='ltr'>dictum3</span> <span class='ocrx_word' id='word_1_44' title='bbox 1246 659 1362 702; x_wconf 88' lang='lat' dir='ltr'>sicut</span> <span class='ocrx_word' id='word_1_45' title='bbox 1386 668 1430 702; x_wconf 90' lang='lat' dir='ltr'>et</span> <span class='ocrx_word' id='word_1_46' title='bbox 1468 660 1596 718; x_wconf 83' lang='lat' dir='ltr'>quod</span> <span class='ocrx_word' id='word_1_47' title='bbox 1629 670 1866 716; x_wconf 84' lang='lat' dir='ltr'>narratur,</span> <span class='ocrx_word' id='word_1_48' title='bbox 1897 661 1955 705; x_wconf 88' lang='lat' dir='ltr'>de</span> <span class='ocrx_word' id='word_1_49' title='bbox 1980 660 2148 705; x_wconf 88' lang='lat' dir='ltr'>eodem</span> 
     </span>
    </p>
   </div>
   <div class='ocr_carea' id='block_1_3' title="bbox 420 735 2147 871">
    <p class='ocr_par' dir='ltr' id='par_1_3' title="bbox 420 735 2147 871">
     <span class='ocr_line' id='line_1_6' title="bbox 420 735 2147 796; baseline 0.001 -18"><span class='ocrx_word' id='word_1_50' title='bbox 420 735 723 792; x_wconf 86' lang='lat' dir='ltr'>Mithridate,</span> <span class='ocrx_word' id='word_1_51' title='bbox 744 736 822 795; x_wconf 85' lang='lat' dir='ltr'>qui</span> <span class='ocrx_word' id='word_1_52' title='bbox 836 752 920 795; x_wconf 87' lang='lat' dir='ltr'>per</span> <span class='ocrx_word' id='word_1_53' title='bbox 933 744 1108 795; x_wconf 85' lang='lat' dir='ltr'>septem</span> <span class='ocrx_word' id='word_1_54' title='bbox 1133 750 1280 778; x_wconf 87' lang='lat' dir='ltr'>annos</span> <span class='ocrx_word' id='word_1_55' title='bbox 1304 750 1388 794; x_wconf 90' lang='lat' dir='ltr'>per</span> <span class='ocrx_word' id='word_1_56' title='bbox 1406 737 1554 795; x_wconf 86' lang='lat' dir='ltr'>sylvas</span> <span class='ocrx_word' id='word_1_57' title='bbox 1568 747 1784 796; x_wconf 83' lang='lat' dir='ltr'>vagatur,</span> <span class='ocrx_word' id='word_1_58' title='bbox 1808 746 1857 781; x_wconf 91' lang='lat' dir='ltr'>ut</span> <span class='ocrx_word' id='word_1_59' title='bbox 1885 737 2147 781; x_wconf 89' lang='lat' dir='ltr'>Nabucho—</span> 
     </span>
     <span class='ocr_line' id='line_1_7' title="bbox 424 810 1724 871; baseline 0.002 -16"><span class='ocrx_word' id='word_1_60' title='bbox 424 812 660 869; x_wconf 88' lang='lat' dir='ltr'>donosor,</span> <span class='ocrx_word' id='word_1_61' title='bbox 695 815 770 856; x_wconf 75' lang='lat' dir='ltr'>vel</span> <span class='ocrx_word' id='word_1_62' title='bbox 796 814 864 857; x_wconf 91' lang='lat' dir='ltr'>sol</span> <span class='ocrx_word' id='word_1_63' title='bbox 897 828 981 871; x_wconf 87' lang='lat' dir='ltr'>per</span> <span class='ocrx_word' id='word_1_64' title='bbox 1012 820 1191 870; x_wconf 86' lang='lat' dir='ltr'>septem</span> <span class='ocrx_word' id='word_1_65' title='bbox 1217 810 1349 870; x_wconf 82' lang='lat' dir='ltr'>signa</span> <span class='ocrx_word' id='word_1_66' title='bbox 1380 812 1724 857; x_wconf 86' lang='lat' dir='ltr'>descendentia.</span> 
     </span>
    </p>
   </div>
   <div class='ocr_carea' id='block_1_4' title="bbox 423 899 2159 1501">
    <p class='ocr_par' dir='ltr' id='par_1_4' title="bbox 423 899 2159 1501">
     <span class='ocr_line' id='line_1_8' title="bbox 491 899 2152 959; baseline 0 -14"><span class='ocrx_word' id='word_1_67' title='bbox 491 903 595 945; x_wconf 73' lang='lat' dir='ltr'>CAP.</span> <span class='ocrx_word' id='word_1_68' title='bbox 623 902 702 945; x_wconf 89' lang='lat' dir='ltr'>IV.</span> <span class='ocrx_word' id='word_1_69' title='bbox 737 902 1074 959; x_wconf 79' lang='lat' dir='ltr'>Pyloetnenem.</span> <span class='ocrx_word' id='word_1_70' title='bbox 1105 899 1207 943; x_wconf 90' lang='lat' dir='ltr'>Hoc</span> <span class='ocrx_word' id='word_1_71' title='bbox 1229 915 1404 942; x_wconf 87' lang='lat' dir='ltr'>nomen</span> <span class='ocrx_word' id='word_1_72' title='bbox 1433 900 1482 942; x_wconf 91' lang='lat' dir='ltr'>in</span> <span class='ocrx_word' id='word_1_73' title='bbox 1514 900 1878 956; x_wconf 86' lang='lat' dir='ltr'>Philoemenem‚</span> <span class='ocrx_word' id='word_1_74' title='bbox 1907 902 2152 946; x_wconf 86' lang='lat' dir='ltr'>Philame-</span> 
     </span>
     <span class='ocr_line' id='line_1_9' title="bbox 423 976 2151 1034; baseline -0.001 -11"><span class='ocrx_word' id='word_1_75' title='bbox 423 995 551 1032; x_wconf 83' lang='lat' dir='ltr'>nem,</span> <span class='ocrx_word' id='word_1_76' title='bbox 590 978 941 1030; x_wconf 84' lang='lat' dir='ltr'>Philomenem,</span> <span class='ocrx_word' id='word_1_77' title='bbox 979 977 1325 1020; x_wconf 84' lang='lat' dir='ltr'>Philiamenem</span> <span class='ocrx_word' id='word_1_78' title='bbox 1354 976 1658 1034; x_wconf 87' lang='lat' dir='ltr'>depravatum</span> <span class='ocrx_word' id='word_1_79' title='bbox 1682 978 1746 1021; x_wconf 88' lang='lat' dir='ltr'>sic</span> <span class='ocrx_word' id='word_1_80' title='bbox 1777 988 1901 1023; x_wconf 87' lang='lat' dir='ltr'>recte</span> <span class='ocrx_word' id='word_1_81' title='bbox 1932 980 2151 1023; x_wconf 88' lang='lat' dir='ltr'>restitue—</span> 
     </span>
     <span class='ocr_line' id='line_1_10' title="bbox 423 1053 2152 1110; baseline -0.001 -10"><span class='ocrx_word' id='word_1_82' title='bbox 423 1065 531 1100; x_wconf 87' lang='lat' dir='ltr'>runt</span> <span class='ocrx_word' id='word_1_83' title='bbox 565 1057 820 1099; x_wconf 88' lang='lat' dir='ltr'>Glareanus</span> <span class='ocrx_word' id='word_1_84' title='bbox 854 1063 898 1098; x_wconf 90' lang='lat' dir='ltr'>et</span> <span class='ocrx_word' id='word_1_85' title='bbox 929 1053 1199 1109; x_wconf 88' lang='lat' dir='ltr'>Reinesius,</span> <span class='ocrx_word' id='word_1_86' title='bbox 1238 1070 1295 1098; x_wconf 84' lang='lat' dir='ltr'>ex</span> <span class='ocrx_word' id='word_1_87' title='bbox 1330 1053 1526 1097; x_wconf 87' lang='lat' dir='ltr'>Homeri</span> <span class='ocrx_word' id='word_1_88' title='bbox 1555 1054 1727 1108; x_wconf 60' lang='lat' dir='ltr'>Iliad„</span> <span class='ocrx_word' id='word_1_89' title='bbox 1760 1071 1825 1109; x_wconf 85' lang='lat'>11,</span> <span class='ocrx_word' id='word_1_90' title='bbox 1868 1054 1948 1110; x_wconf 87' lang='lat'>15,</span> <span class='ocrx_word' id='word_1_91' title='bbox 1983 1056 2152 1099; x_wconf 89' lang='lat' dir='ltr'>Eusta—</span> 
     </span>
     <span class='ocr_line' id='line_1_11' title="bbox 424 1131 2156 1190; baseline -0.001 -14"><span class='ocrx_word' id='word_1_92' title='bbox 424 1133 552 1188; x_wconf 86' lang='lat' dir='ltr'>thio,</span> <span class='ocrx_word' id='word_1_93' title='bbox 590 1133 636 1175; x_wconf 86' lang='lat' dir='ltr'>in</span> <span class='ocrx_word' id='word_1_94' title='bbox 671 1133 900 1190; x_wconf 72' lang='lat' dir='ltr'>DionyS.,</span> <span class='ocrx_word' id='word_1_95' title='bbox 944 1131 1199 1187; x_wconf 85' lang='lat' dir='ltr'>Strabone,</span> <span class='ocrx_word' id='word_1_96' title='bbox 1233 1139 1277 1175; x_wconf 90' lang='lat' dir='ltr'>et</span> <span class='ocrx_word' id='word_1_97' title='bbox 1304 1132 1352 1174; x_wconf 92' lang='lat' dir='ltr'>C.</span> <span class='ocrx_word' id='word_1_98' title='bbox 1389 1131 1596 1189; x_wconf 84' lang='lat' dir='ltr'>Nepote,</span> <span class='ocrx_word' id='word_1_99' title='bbox 1631 1132 1677 1174; x_wconf 90' lang='lat' dir='ltr'>in</span> <span class='ocrx_word' id='word_1_100' title='bbox 1708 1133 1926 1174; x_wconf 80' lang='lat' dir='ltr'>Datame.</span> <span class='ocrx_word' id='word_1_101' title='bbox 1964 1132 2035 1175; x_wconf 86' lang='lat' dir='ltr'>Ab</span> <span class='ocrx_word' id='word_1_102' title='bbox 2064 1133 2156 1175; x_wconf 89' lang='lat' dir='ltr'>hoc</span> 
     </span>
     <span class='ocr_line' id='line_1_12' title="bbox 424 1207 2155 1267; baseline 0 -16"><span class='ocrx_word' id='word_1_103' title='bbox 424 1208 639 1267; x_wconf 85' lang='lat' dir='ltr'>principe</span> <span class='ocrx_word' id='word_1_104' title='bbox 664 1208 1019 1267; x_wconf 85' lang='lat' dir='ltr'>Paphlagonum</span> <span class='ocrx_word' id='word_1_105' title='bbox 1044 1207 1385 1267; x_wconf 75' lang='lat' dir='ltr'>Paphlagonia</span> <span class='ocrx_word' id='word_1_106' title='bbox 1411 1207 1664 1266; x_wconf 85' lang='lat' dir='ltr'>aliquando</span> <span class='ocrx_word' id='word_1_107' title='bbox 1692 1207 1988 1266; x_wconf 67' lang='lat' dir='ltr'>Pylae-menia</span> <span class='ocrx_word' id='word_1_108' title='bbox 2012 1207 2155 1261; x_wconf 88' lang='lat' dir='ltr'>dicta,</span> 
     </span>
     <span class='ocr_line' id='line_1_13' title="bbox 425 1285 2157 1343; baseline 0 -15"><span class='ocrx_word' id='word_1_109' title='bbox 425 1287 592 1340; x_wconf 46' lang='lat' dir='ltr'>Puni,</span> <span class='ocrx_word' id='word_1_110' title='bbox 627 1301 705 1340; x_wconf 88' lang='lat' dir='ltr'>v1,</span> <span class='ocrx_word' id='word_1_111' title='bbox 743 1299 785 1329; x_wconf 83' lang='lat'>2.</span> <span class='ocrx_word' id='word_1_112' title='bbox 820 1285 1125 1329; x_wconf 88' lang='lat' dir='ltr'>Nicomedem</span> <span class='ocrx_word' id='word_1_113' title='bbox 1164 1294 1319 1328; x_wconf 83' lang='lat' dir='ltr'>autem</span> <span class='ocrx_word' id='word_1_114' title='bbox 1356 1293 1400 1328; x_wconf 86' lang='lat' dir='ltr'>et</span> <span class='ocrx_word' id='word_1_115' title='bbox 1430 1285 1739 1343; x_wconf 80' lang='lat' dir='ltr'>Pylaemenem</span> <span class='ocrx_word' id='word_1_116' title='bbox 1771 1299 1903 1343; x_wconf 84' lang='lat' dir='ltr'>reges</span> <span class='ocrx_word' id='word_1_117' title='bbox 1947 1299 2157 1328; x_wconf 89' lang='lat' dir='ltr'>comme-</span> 
     </span>
     <span class='ocr_line' id='line_1_14' title="bbox 427 1360 2159 1420; baseline -0.001 -15"><span class='ocrx_word' id='word_1_118' title='bbox 427 1371 579 1405; x_wconf 88' lang='lat' dir='ltr'>morat</span> <span class='ocrx_word' id='word_1_119' title='bbox 601 1361 793 1406; x_wconf 86' lang='lat' dir='ltr'>Orosius</span> <span class='ocrx_word' id='word_1_120' title='bbox 810 1396 822 1416; x_wconf 91' lang='lat'>,</span> <span class='ocrx_word' id='word_1_121' title='bbox 851 1378 925 1417; x_wconf 87' lang='lat' dir='ltr'>v1,</span> <span class='ocrx_word' id='word_1_122' title='bbox 955 1376 996 1405; x_wconf 85' lang='lat'>2.</span> <span class='ocrx_word' id='word_1_123' title='bbox 1022 1363 1061 1405; x_wconf 91' lang='lat' dir='ltr'><strong>A</strong></span> <span class='ocrx_word' id='word_1_124' title='bbox 1084 1361 1333 1420; x_wconf 86' lang='lat' dir='ltr'>participio</span> <span class='ocrx_word' id='word_1_125' title='bbox 1359 1360 1492 1404; x_wconf 90' lang='lat' dir='ltr'>verbi</span> <span class='ocrx_word' id='word_1_126' title='bbox 1518 1369 1650 1408; x_wconf 71' lang='grc' dir='ltr'>πυλόω</span> <span class='ocrx_word' id='word_1_127' title='bbox 1669 1400 1679 1418; x_wconf 84' lang='lat'><strong>‚</strong></span> <span class='ocrx_word' id='word_1_128' title='bbox 1708 1361 1857 1419; x_wconf 88' lang='lat' dir='ltr'>portis</span> <span class='ocrx_word' id='word_1_129' title='bbox 1885 1360 2071 1416; x_wconf 85' lang='lat' dir='ltr'>munio,</span> <span class='ocrx_word' id='word_1_130' title='bbox 2093 1383 2159 1408; x_wconf 74' lang='grc' dir='ltr'>πι-</span> 
     </span>
     <span class='ocr_line' id='line_1_15' title="bbox 425 1436 2158 1501; baseline -0.004 -13"><span class='ocrx_word' id='word_1_131' title='bbox 425 1447 521 1497; x_wconf 79' lang='grc' dir='ltr'><strong>λέω,</strong></span> <span class='ocrx_word' id='word_1_132' title='bbox 536 1454 653 1498; x_wconf 85' lang='lat' dir='ltr'>cogo</span> <span class='ocrx_word' id='word_1_133' title='bbox 665 1441 762 1489; x_wconf 71' lang='lat' dir='ltr'>,vel</span> <span class='ocrx_word' id='word_1_134' title='bbox 779 1447 917 1501; x_wconf 80' lang='grc' dir='ltr'><strong>φιλέω,</strong></span> <span class='ocrx_word' id='word_1_135' title='bbox 943 1454 1047 1482; x_wconf 88' lang='lat' dir='ltr'>amo</span> <span class='ocrx_word' id='word_1_136' title='bbox 1061 1470 1073 1493; x_wconf 93' lang='lat'>,</span> <span class='ocrx_word' id='word_1_137' title='bbox 1093 1437 1401 1481; x_wconf 86' lang='lat' dir='ltr'>derivandum</span> <span class='ocrx_word' id='word_1_138' title='bbox 1419 1446 1485 1480; x_wconf 89' lang='lat' dir='ltr'>est</span> <span class='ocrx_word' id='word_1_139' title='bbox 1503 1437 1598 1494; x_wconf 85' lang='lat' dir='ltr'>ejus</span> <span class='ocrx_word' id='word_1_140' title='bbox 1616 1452 1805 1492; x_wconf 89' lang='lat' dir='ltr'>nomen,</span> <span class='ocrx_word' id='word_1_141' title='bbox 1822 1446 1961 1495; x_wconf 90' lang='lat' dir='ltr'>prout</span> <span class='ocrx_word' id='word_1_142' title='bbox 1974 1436 2158 1495; x_wconf 80' lang='lat' dir='ltr'>legitur.</span> 
     </span>
    </p>
   </div>
   <div class='ocr_carea' id='block_1_5' title="bbox 908 1602 1680 1647">
    <p class='ocr_par' dir='ltr' id='par_1_5' title="bbox 908 1602 1680 1647">
     <span class='ocr_line' id='line_1_16' title="bbox 908 1602 1680 1647; baseline -0.003 -1"><span class='ocrx_word' id='word_1_143' title='bbox 908 1604 981 1647; x_wconf 92' lang='lat' dir='ltr'>IN</span> <span class='ocrx_word' id='word_1_144' title='bbox 1030 1602 1313 1646; x_wconf 85' lang='lat' dir='ltr'>LIBRUM</span> <span class='ocrx_word' id='word_1_145' title='bbox 1362 1602 1680 1646; x_wconf 87' lang='lat' dir='ltr'>XXXVIII.</span> 
     </span>
    </p>
   </div>
   <div class='ocr_carea' id='block_1_6' title="bbox 431 1736 2183 3408">
    <p class='ocr_par' dir='ltr' id='par_1_6' title="bbox 431 1736 2169 2182">
     <span class='ocr_line' id='line_1_17' title="bbox 498 1736 2164 1801; baseline -0.005 -15"><span class='ocrx_word' id='word_1_146' title='bbox 498 1743 602 1787; x_wconf 75' lang='lat' dir='ltr'>CAP.</span> <span class='ocrx_word' id='word_1_147' title='bbox 633 1742 670 1785; x_wconf 93' lang='grc' dir='ltr'>Ι.</span> <span class='ocrx_word' id='word_1_148' title='bbox 697 1740 1014 1786; x_wconf 78' lang='lat' dir='ltr'>Ariarathem.</span> <span class='ocrx_word' id='word_1_149' title='bbox 1047 1742 1086 1783; x_wconf 89' lang='lat' dir='ltr'><strong>A</strong></span> <span class='ocrx_word' id='word_1_150' title='bbox 1115 1753 1263 1797; x_wconf 79' lang='lat' dir='ltr'>graeco</span> <span class='ocrx_word' id='word_1_151' title='bbox 1289 1736 1413 1801; x_wconf 66' lang='grc' dir='ltr'>Ᾰρης,</span> <span class='ocrx_word' id='word_1_152' title='bbox 1444 1761 1556 1795; x_wconf 60' lang='grc' dir='ltr'><strong>-ηος,</strong></span> <span class='ocrx_word' id='word_1_153' title='bbox 1590 1738 1739 1792; x_wconf 86' lang='lat' dir='ltr'>Mars,</span> <span class='ocrx_word' id='word_1_154' title='bbox 1770 1744 1894 1800; x_wconf 65' lang='grc' dir='ltr'>ἅρειος</span> <span class='ocrx_word' id='word_1_155' title='bbox 1917 1738 1991 1780; x_wconf 88' lang='lat' dir='ltr'>vel</span> <span class='ocrx_word' id='word_1_156' title='bbox 2017 1743 2164 1800; x_wconf 64' lang='grc' dir='ltr'>ἀρηΐος,</span> 
     </span>
     <span class='ocr_line' id='line_1_18' title="bbox 431 1812 2166 1881; baseline -0.005 -17"><span class='ocrx_word' id='word_1_157' title='bbox 431 1821 622 1865; x_wconf 86' lang='lat' dir='ltr'>martius</span> <span class='ocrx_word' id='word_1_158' title='bbox 638 1853 648 1873; x_wconf 93' lang='lat'>,</span> <span class='ocrx_word' id='word_1_159' title='bbox 667 1827 710 1862; x_wconf 89' lang='lat' dir='ltr'>et</span> <span class='ocrx_word' id='word_1_160' title='bbox 730 1825 872 1881; x_wconf 66' lang='grc' dir='ltr'>ἀρετή,</span> <span class='ocrx_word' id='word_1_161' title='bbox 894 1817 1055 1872; x_wconf 81' lang='lat' dir='ltr'>virtus,</span> <span class='ocrx_word' id='word_1_162' title='bbox 1073 1817 1146 1859; x_wconf 90' lang='lat' dir='ltr'>vel</span> <span class='ocrx_word' id='word_1_163' title='bbox 1169 1815 1333 1858; x_wconf 87' lang='lat' dir='ltr'>melius</span> <span class='ocrx_word' id='word_1_164' title='bbox 1357 1815 1417 1858; x_wconf 89' lang='lat' dir='ltr'>ab</span> <span class='ocrx_word' id='word_1_165' title='bbox 1441 1812 1565 1877; x_wconf 67' lang='grc' dir='ltr'>Ᾰρης,</span> <span class='ocrx_word' id='word_1_166' title='bbox 1590 1823 1635 1858; x_wconf 89' lang='lat' dir='ltr'>et</span> <span class='ocrx_word' id='word_1_167' title='bbox 1659 1822 1811 1877; x_wconf 65' lang='grc' dir='ltr'>ἀρητός,</span> <span class='ocrx_word' id='word_1_168' title='bbox 1836 1822 2042 1873; x_wconf 87' lang='lat' dir='ltr'>optatus,</span> <span class='ocrx_word' id='word_1_169' title='bbox 2057 1830 2166 1873; x_wconf 88' lang='lat' dir='ltr'>pre-</span> 
     </span>
     <span class='ocr_line' id='line_1_19' title="bbox 433 1892 2168 1954; baseline -0.006 -11"><span class='ocrx_word' id='word_1_170' title='bbox 433 1900 563 1943; x_wconf 88' lang='lat' dir='ltr'>cibus</span> <span class='ocrx_word' id='word_1_171' title='bbox 602 1896 906 1949; x_wconf 84' lang='lat' dir='ltr'>avertendus,</span> <span class='ocrx_word' id='word_1_172' title='bbox 941 1895 1173 1948; x_wconf 85' lang='lat' dir='ltr'>funestus,</span> <span class='ocrx_word' id='word_1_173' title='bbox 1208 1892 1519 1952; x_wconf 83' lang='lat' dir='ltr'>perniciosus,</span> <span class='ocrx_word' id='word_1_174' title='bbox 1559 1899 1636 1934; x_wconf 90' lang='lat' dir='ltr'>aut</span> <span class='ocrx_word' id='word_1_175' title='bbox 1680 1899 1844 1954; x_wconf 66' lang='grc' dir='ltr'>ἀρητῆς,</span> <span class='ocrx_word' id='word_1_176' title='bbox 1872 1906 1959 1949; x_wconf 91' lang='lat' dir='ltr'>pro</span> <span class='ocrx_word' id='word_1_177' title='bbox 1997 1899 2168 1954; x_wconf 59' lang='grc' dir='ltr'>ἀρητγῖρ,</span> 
     </span>
     <span class='ocr_line' id='line_1_20' title="bbox 434 1967 2169 2030; baseline -0.005 -11"><span class='ocrx_word' id='word_1_178' title='bbox 434 1975 664 2019; x_wconf 83' lang='lat' dir='ltr'>sacerdos.</span> <span class='ocrx_word' id='word_1_179' title='bbox 691 1975 746 2016; x_wconf 91' lang='lat' dir='ltr'>In</span> <span class='ocrx_word' id='word_1_180' title='bbox 772 1972 958 2030; x_wconf 79' lang='lat' dir='ltr'>Eclogis</span> <span class='ocrx_word' id='word_1_181' title='bbox 983 1970 1274 2024; x_wconf 88' lang='lat' dir='ltr'>Memnonis,</span> <span class='ocrx_word' id='word_1_182' title='bbox 1302 1967 1423 2012; x_wconf 85' lang='lat' dir='ltr'>filius</span> <span class='ocrx_word' id='word_1_183' title='bbox 1448 1968 1621 2011; x_wconf 88' lang='lat' dir='ltr'>sororis</span> <span class='ocrx_word' id='word_1_184' title='bbox 1646 1968 1932 2011; x_wconf 87' lang='lat' dir='ltr'>Mithridatis</span> <span class='ocrx_word' id='word_1_185' title='bbox 1964 1967 2169 2012; x_wconf 85' lang='lat' dir='ltr'>Arathes</span> 
     </span>
     <span class='ocr_line' id='line_1_21' title="bbox 436 2045 2166 2106; baseline -0.005 -10"><span class='ocrx_word' id='word_1_186' title='bbox 436 2051 629 2106; x_wconf 85' lang='lat' dir='ltr'>dicitur,</span> <span class='ocrx_word' id='word_1_187' title='bbox 660 2059 709 2094; x_wconf 90' lang='lat' dir='ltr'>ut</span> <span class='ocrx_word' id='word_1_188' title='bbox 733 2059 777 2093; x_wconf 91' lang='lat' dir='ltr'>et</span> <span class='ocrx_word' id='word_1_189' title='bbox 803 2049 850 2091; x_wconf 91' lang='lat' dir='ltr'>in</span> <span class='ocrx_word' id='word_1_190' title='bbox 882 2049 1084 2106; x_wconf 86' lang='lat' dir='ltr'>prologo</span> <span class='ocrx_word' id='word_1_191' title='bbox 1113 2047 1251 2104; x_wconf 85' lang='lat' dir='ltr'>hujus</span> <span class='ocrx_word' id='word_1_192' title='bbox 1282 2045 1405 2089; x_wconf 83' lang='lat' dir='ltr'>libri.</span> <span class='ocrx_word' id='word_1_193' title='bbox 1425 2046 1552 2105; x_wconf 82' lang='lat' dir='ltr'>Ergo</span> <span class='ocrx_word' id='word_1_194' title='bbox 1575 2045 1853 2089; x_wconf 78' lang='lat' dir='ltr'>Ariarathes</span> <span class='ocrx_word' id='word_1_195' title='bbox 1870 2053 1915 2088; x_wconf 87' lang='lat' dir='ltr'>et</span> <span class='ocrx_word' id='word_1_196' title='bbox 1936 2045 2166 2099; x_wconf 85' lang='lat' dir='ltr'>Arathes,</span> 
     </span>
     <span class='ocr_line' id='line_1_22' title="bbox 436 2122 1637 2182; baseline -0.007 -11"><span class='ocrx_word' id='word_1_197' title='bbox 436 2128 549 2171; x_wconf 90' lang='lat' dir='ltr'>sicut</span> <span class='ocrx_word' id='word_1_198' title='bbox 582 2135 625 2170; x_wconf 88' lang='lat' dir='ltr'>et</span> <span class='ocrx_word' id='word_1_199' title='bbox 657 2126 957 2169; x_wconf 72' lang='lat' dir='ltr'>Mithridates</span> <span class='ocrx_word' id='word_1_200' title='bbox 972 2158 986 2178; x_wconf 92' lang='lat'><em>‚</em></span> <span class='ocrx_word' id='word_1_201' title='bbox 1024 2125 1144 2168; x_wconf 91' lang='lat' dir='ltr'>male</span> <span class='ocrx_word' id='word_1_202' title='bbox 1176 2138 1260 2182; x_wconf 88' lang='lat' dir='ltr'>per</span> <span class='ocrx_word' id='word_1_203' title='bbox 1284 2122 1334 2165; x_wconf 88' lang='lat' dir='ltr'>th</span> <span class='ocrx_word' id='word_1_204' title='bbox 1359 2122 1637 2166; x_wconf 87' lang='lat' dir='ltr'>scribuntur.</span> 
     </span>
    </p>

    <p class='ocr_par' dir='ltr' id='par_1_7' title="bbox 438 2197 2170 2410">
     <span class='ocr_line' id='line_1_23' title="bbox 502 2197 2169 2256; baseline -0.004 -9"><span class='ocrx_word' id='word_1_205' title='bbox 502 2205 607 2248; x_wconf 58' lang='grc' dir='ltr'>(ᾊΡ,</span> <span class='ocrx_word' id='word_1_206' title='bbox 633 2204 694 2246; x_wconf 94' lang='grc' dir='ltr'>ΙΙ.</span> <span class='ocrx_word' id='word_1_207' title='bbox 726 2202 1080 2245; x_wconf 68' lang='lat' dir='ltr'>Ariobarzanes.</span> <span class='ocrx_word' id='word_1_208' title='bbox 1118 2200 1220 2255; x_wconf 86' lang='lat' dir='ltr'>Sic,</span> <span class='ocrx_word' id='word_1_209' title='bbox 1249 2208 1293 2243; x_wconf 88' lang='lat' dir='ltr'>et</span> <span class='ocrx_word' id='word_1_210' title='bbox 1324 2200 1415 2242; x_wconf 88' lang='lat' dir='ltr'>hoc</span> <span class='ocrx_word' id='word_1_211' title='bbox 1453 2213 1629 2241; x_wconf 86' lang='lat' dir='ltr'>nomen</span> <span class='ocrx_word' id='word_1_212' title='bbox 1660 2197 1972 2256; x_wconf 86' lang='lat' dir='ltr'>compositum</span> <span class='ocrx_word' id='word_1_213' title='bbox 2005 2206 2073 2240; x_wconf 89' lang='lat' dir='ltr'>est</span> <span class='ocrx_word' id='word_1_214' title='bbox 2109 2197 2169 2241; x_wconf 87' lang='lat' dir='ltr'>ab</span> 
     </span>
     <span class='ocr_line' id='line_1_24' title="bbox 438 2273 2170 2345; baseline -0.004 -22"><span class='ocrx_word' id='word_1_215' title='bbox 438 2282 556 2345; x_wconf 55' lang='lat' dir='ltr'>Am,</span> <span class='ocrx_word' id='word_1_216' title='bbox 580 2305 686 2337; x_wconf 61' lang='lat'>-†,0;‚</span> <span class='ocrx_word' id='word_1_217' title='bbox 719 2288 763 2322; x_wconf 88' lang='lat' dir='ltr'>et</span> <span class='ocrx_word' id='word_1_218' title='bbox 791 2287 953 2341; x_wconf 59' lang='grc' dir='ltr'>φάρσος,</span> <span class='ocrx_word' id='word_1_219' title='bbox 976 2278 1224 2331; x_wconf 81' lang='lat' dir='ltr'>vexillum,</span> <span class='ocrx_word' id='word_1_220' title='bbox 1248 2276 1375 2320; x_wconf 90' lang='lat' dir='ltr'>unde</span> <span class='ocrx_word' id='word_1_221' title='bbox 1408 2284 1453 2319; x_wconf 89' lang='lat' dir='ltr'>et</span> <span class='ocrx_word' id='word_1_222' title='bbox 1484 2282 1744 2337; x_wconf 65' lang='grc' dir='ltr'>φαρσοφόρος,</span> <span class='ocrx_word' id='word_1_223' title='bbox 1775 2273 1989 2332; x_wconf 84' lang='lat' dir='ltr'>signifer,</span> <span class='ocrx_word' id='word_1_224' title='bbox 2019 2273 2170 2317; x_wconf 83' lang='lat' dir='ltr'>vexil-</span> 
     </span>
     <span class='ocr_line' id='line_1_25' title="bbox 438 2355 1118 2410; baseline -0.009 -8"><span class='ocrx_word' id='word_1_225' title='bbox 438 2359 602 2410; x_wconf 82' lang='lat' dir='ltr'>larius,</span> <span class='ocrx_word' id='word_1_226' title='bbox 627 2367 671 2401; x_wconf 86' lang='lat' dir='ltr'>et</span> <span class='ocrx_word' id='word_1_227' title='bbox 696 2355 1118 2400; x_wconf 73' lang='lat' dir='ltr'>Mithrobarzanes.</span> 
     </span>
    </p>

    <p class='ocr_par' dir='ltr' id='par_1_8' title="bbox 441 2427 2175 2646">
     <span class='ocr_line' id='line_1_26' title="bbox 505 2427 2170 2492; baseline -0.005 -14"><span class='ocrx_word' id='word_1_228' title='bbox 505 2436 609 2478; x_wconf 78' lang='lat' dir='ltr'>CAP.</span> <span class='ocrx_word' id='word_1_229' title='bbox 632 2436 718 2478; x_wconf 85' lang='lat' dir='ltr'>III.</span> <span class='ocrx_word' id='word_1_230' title='bbox 759 2434 997 2492; x_wconf 78' lang='lat' dir='ltr'>Tigranes.</span> <span class='ocrx_word' id='word_1_231' title='bbox 1044 2432 1294 2490; x_wconf 74' lang='lat' dir='ltr'>Tigranes,</span> <span class='ocrx_word' id='word_1_232' title='bbox 1328 2445 1411 2473; x_wconf 83' lang='lat' dir='ltr'>rex</span> <span class='ocrx_word' id='word_1_233' title='bbox 1442 2429 1694 2483; x_wconf 68' lang='lat' dir='ltr'>Armeniae,</span> <span class='ocrx_word' id='word_1_234' title='bbox 1723 2444 1898 2472; x_wconf 84' lang='lat' dir='ltr'>nomen</span> <span class='ocrx_word' id='word_1_235' title='bbox 1933 2427 2113 2487; x_wconf 88' lang='lat' dir='ltr'>accepit</span> <span class='ocrx_word' id='word_1_236' title='bbox 2147 2444 2170 2469; x_wconf 81' lang='lat' dir='ltr'>a</span> 
     </span>
     <span class='ocr_line' id='line_1_27' title="bbox 449 2505 2175 2572; baseline -0.005 -17"><span class='ocrx_word' id='word_1_237' title='bbox 449 2513 603 2572; x_wconf 75' lang='lat' dir='ltr'>Tigri,</span> <span class='ocrx_word' id='word_1_238' title='bbox 635 2509 780 2554; x_wconf 86' lang='lat' dir='ltr'>fluvio</span> <span class='ocrx_word' id='word_1_239' title='bbox 807 2510 887 2569; x_wconf 86' lang='lat' dir='ltr'>qui</span> <span class='ocrx_word' id='word_1_240' title='bbox 915 2510 964 2552; x_wconf 92' lang='lat' dir='ltr'>in</span> <span class='ocrx_word' id='word_1_241' title='bbox 987 2506 1207 2551; x_wconf 83' lang='lat' dir='ltr'>Armenia</span> <span class='ocrx_word' id='word_1_242' title='bbox 1233 2507 1391 2550; x_wconf 87' lang='lat' dir='ltr'>oritur.</span> <span class='ocrx_word' id='word_1_243' title='bbox 1418 2506 1505 2548; x_wconf 88' lang='lat' dir='ltr'>Hic</span> <span class='ocrx_word' id='word_1_244' title='bbox 1530 2505 1662 2564; x_wconf 83' lang='lat' dir='ltr'>Syria</span> <span class='ocrx_word' id='word_1_245' title='bbox 1685 2506 1805 2549; x_wconf 79' lang='lat' dir='ltr'>ultra</span> <span class='ocrx_word' id='word_1_246' title='bbox 1827 2506 2113 2564; x_wconf 82' lang='lat' dir='ltr'>Euphratem</span> <span class='ocrx_word' id='word_1_247' title='bbox 2131 2512 2175 2548; x_wconf 89' lang='lat' dir='ltr'>et</span> 
     </span>
     <span class='ocr_line' id='line_1_28' title="bbox 441 2583 2172 2646; baseline -0.005 -14"><span class='ocrx_word' id='word_1_248' title='bbox 441 2589 599 2632; x_wconf 86' lang='lat' dir='ltr'>Cilicia</span> <span class='ocrx_word' id='word_1_249' title='bbox 622 2587 821 2646; x_wconf 89' lang='lat' dir='ltr'>potitus,</span> <span class='ocrx_word' id='word_1_250' title='bbox 846 2587 949 2629; x_wconf 70' lang='lat' dir='ltr'>Rex</span> <span class='ocrx_word' id='word_1_251' title='bbox 980 2601 1134 2645; x_wconf 75' lang='lat' dir='ltr'>regum</span> <span class='ocrx_word' id='word_1_252' title='bbox 1158 2583 1305 2627; x_wconf 88' lang='lat' dir='ltr'>dictus</span> <span class='ocrx_word' id='word_1_253' title='bbox 1331 2592 1419 2637; x_wconf 86' lang='lat' dir='ltr'>est,</span> <span class='ocrx_word' id='word_1_254' title='bbox 1446 2587 1548 2625; x_wconf 82' lang='grc' dir='ltr'>ΑΡΡ.</span> <span class='ocrx_word' id='word_1_255' title='bbox 1566 2615 1577 2637; x_wconf 85' lang='grc'>,</span> <span class='ocrx_word' id='word_1_256' title='bbox 1597 2583 1694 2639; x_wconf 80' lang='lat' dir='ltr'>Syr.</span> <span class='ocrx_word' id='word_1_257' title='bbox 1711 2616 1725 2636; x_wconf 95' lang='lat'>,</span> <span class='ocrx_word' id='word_1_258' title='bbox 1754 2591 1798 2626; x_wconf 89' lang='lat' dir='ltr'>et</span> <span class='ocrx_word' id='word_1_259' title='bbox 1822 2583 2017 2635; x_wconf 58' lang='lat' dir='ltr'>STRAB„</span> <span class='ocrx_word' id='word_1_260' title='bbox 2045 2583 2074 2624; x_wconf 92' lang='lat' dir='ltr'>l.</span> <span class='ocrx_word' id='word_1_261' title='bbox 2113 2597 2172 2624; x_wconf 88' lang='lat'>11.</span> 
     </span>
    </p>

    <p class='ocr_par' dir='ltr' id='par_1_9' title="bbox 444 2658 2179 3105">
     <span class='ocr_line' id='line_1_29' title="bbox 509 2658 2174 2716; baseline -0.005 -8"><span class='ocrx_word' id='word_1_262' title='bbox 509 2666 613 2709; x_wconf 84' lang='lat' dir='ltr'><strong>CAP.</strong></span> <span class='ocrx_word' id='word_1_263' title='bbox 645 2665 726 2706; x_wconf 85' lang='lat' dir='ltr'>VI.</span> <span class='ocrx_word' id='word_1_264' title='bbox 761 2663 1068 2707; x_wconf 76' lang='lat' dir='ltr'>Pharnacem.</span> <span class='ocrx_word' id='word_1_265' title='bbox 1101 2661 1390 2713; x_wconf 85' lang='lat' dir='ltr'>Pharnaces,</span> <span class='ocrx_word' id='word_1_266' title='bbox 1425 2675 1537 2703; x_wconf 89' lang='lat' dir='ltr'>avus</span> <span class='ocrx_word' id='word_1_267' title='bbox 1570 2658 1878 2713; x_wconf 88' lang='lat' dir='ltr'>Mithridatis,</span> <span class='ocrx_word' id='word_1_268' title='bbox 1908 2674 1932 2701; x_wconf 89' lang='lat' dir='ltr'>a</span> <span class='ocrx_word' id='word_1_269' title='bbox 1965 2673 2057 2716; x_wconf 86' lang='lat' dir='ltr'>quo</span> <span class='ocrx_word' id='word_1_270' title='bbox 2089 2671 2174 2700; x_wconf 83' lang='lat' dir='ltr'>ex-</span> 
     </span>
     <span class='ocr_line' id='line_1_30' title="bbox 445 2734 2172 2799; baseline -0.005 -15"><span class='ocrx_word' id='word_1_271' title='bbox 445 2740 701 2799; x_wconf 85' lang='lat' dir='ltr'>cogitatum</span> <span class='ocrx_word' id='word_1_272' title='bbox 736 2748 833 2794; x_wconf 86' lang='lat' dir='ltr'>est,</span> <span class='ocrx_word' id='word_1_273' title='bbox 872 2753 1139 2796; x_wconf 86' lang='lat' dir='ltr'>nomenque</span> <span class='ocrx_word' id='word_1_274' title='bbox 1177 2736 1317 2779; x_wconf 85' lang='lat' dir='ltr'>traxit</span> <span class='ocrx_word' id='word_1_275' title='bbox 1331 2736 1698 2781; x_wconf 78' lang='lat' dir='ltr'>Mithridaticum</span> <span class='ocrx_word' id='word_1_276' title='bbox 1728 2734 2011 2788; x_wconf 87' lang='lat' dir='ltr'>antidotum,</span> <span class='ocrx_word' id='word_1_277' title='bbox 2041 2748 2172 2776; x_wconf 88' lang='lat' dir='ltr'>suum</span> 
     </span>
     <span class='ocr_line' id='line_1_31' title="bbox 444 2810 2177 2878; baseline -0.004 -19"><span class='ocrx_word' id='word_1_278' title='bbox 444 2826 606 2861; x_wconf 83' lang='lat' dir='ltr'>nactus</span> <span class='ocrx_word' id='word_1_279' title='bbox 632 2824 698 2860; x_wconf 90' lang='lat' dir='ltr'>est</span> <span class='ocrx_word' id='word_1_280' title='bbox 722 2822 1021 2878; x_wconf 62' lang='grc' dir='ltr'>αφαρμακεύω,</span> <span class='ocrx_word' id='word_1_281' title='bbox 1046 2810 1273 2856; x_wconf 86' lang='lat' dir='ltr'>veneficio</span> <span class='ocrx_word' id='word_1_282' title='bbox 1300 2820 1376 2855; x_wconf 87' lang='lat' dir='ltr'>aut</span> <span class='ocrx_word' id='word_1_283' title='bbox 1399 2827 1582 2856; x_wconf 81' lang='lat' dir='ltr'>veneno</span> <span class='ocrx_word' id='word_1_284' title='bbox 1607 2821 1739 2865; x_wconf 91' lang='lat' dir='ltr'>utor,</span> <span class='ocrx_word' id='word_1_285' title='bbox 1758 2811 2032 2871; x_wconf 78' lang='lat' dir='ltr'>pharmaca</span> <span class='ocrx_word' id='word_1_286' title='bbox 2061 2825 2177 2853; x_wconf 87' lang='lat' dir='ltr'>con-</span> 
     </span>
     <span class='ocr_line' id='line_1_32' title="bbox 445 2888 2177 2956; baseline -0.005 -19"><span class='ocrx_word' id='word_1_287' title='bbox 445 2893 580 2949; x_wconf 84' lang='lat' dir='ltr'>ficio,</span> <span class='ocrx_word' id='word_1_288' title='bbox 616 2901 863 2956; x_wconf 71' lang='grc' dir='ltr'>φαρμακεύς,</span> <span class='ocrx_word' id='word_1_289' title='bbox 901 2888 1133 2935; x_wconf 77' lang='lat' dir='ltr'>veneficus</span> <span class='ocrx_word' id='word_1_290' title='bbox 1150 2923 1162 2944; x_wconf 91' lang='lat'>,</span> <span class='ocrx_word' id='word_1_291' title='bbox 1199 2903 1382 2947; x_wconf 86' lang='lat' dir='ltr'>magus,</span> <span class='ocrx_word' id='word_1_292' title='bbox 1410 2888 1526 2932; x_wconf 86' lang='lat' dir='ltr'>sieut</span> <span class='ocrx_word' id='word_1_293' title='bbox 1547 2888 1671 2946; x_wconf 83' lang='lat' dir='ltr'>magi</span> <span class='ocrx_word' id='word_1_294' title='bbox 1694 2889 1959 2940; x_wconf 88' lang='lat' dir='ltr'>Persarum,</span> <span class='ocrx_word' id='word_1_295' title='bbox 1985 2900 2177 2944; x_wconf 87' lang='lat' dir='ltr'>permu—</span> 
     </span>
     <span class='ocr_line' id='line_1_33' title="bbox 447 2962 2179 3031; baseline -0.006 -18"><span class='ocrx_word' id='word_1_296' title='bbox 447 2979 540 3013; x_wconf 81' lang='lat' dir='ltr'>tata</span> <span class='ocrx_word' id='word_1_297' title='bbox 582 2969 735 3013; x_wconf 85' lang='lat' dir='ltr'>littera</span> <span class='ocrx_word' id='word_1_298' title='bbox 772 2994 800 3031; x_wconf 77' lang='grc' dir='ltr'>μ</span> <span class='ocrx_word' id='word_1_299' title='bbox 832 2968 880 3011; x_wconf 91' lang='lat' dir='ltr'>in</span> <span class='ocrx_word' id='word_1_300' title='bbox 903 2993 919 3015; x_wconf 59' lang='grc' dir='ltr'>ν</span> <span class='ocrx_word' id='word_1_301' title='bbox 936 3001 950 3021; x_wconf 82' lang='grc'><em>,</em></span> <span class='ocrx_word' id='word_1_302' title='bbox 979 2966 1107 3025; x_wconf 91' lang='lat' dir='ltr'>quod</span> <span class='ocrx_word' id='word_1_303' title='bbox 1130 2964 1182 3008; x_wconf 85' lang='lat' dir='ltr'>fit</span> <span class='ocrx_word' id='word_1_304' title='bbox 1213 2980 1567 3023; x_wconf 86' lang='lat' dir='ltr'>nonnunquam.</span> <span class='ocrx_word' id='word_1_305' title='bbox 1593 2963 1863 3007; x_wconf 83' lang='lat' dir='ltr'>Pharnaces</span> <span class='ocrx_word' id='word_1_306' title='bbox 1888 2962 2027 3020; x_wconf 82' lang='lat' dir='ltr'>igitur</span> <span class='ocrx_word' id='word_1_307' title='bbox 2044 2970 2179 3005; x_wconf 88' lang='lat' dir='ltr'>sonat</span> 
     </span>
     <span class='ocr_line' id='line_1_34' title="bbox 449 3043 1233 3105; baseline -0.004 -17"><span class='ocrx_word' id='word_1_308' title='bbox 449 3048 647 3105; x_wconf 47' lang='grc' dir='ltr'>4ῑῑίαέξιις,</span> <span class='ocrx_word' id='word_1_309' title='bbox 672 3054 867 3104; x_wconf 87' lang='lat' dir='ltr'>propter</span> <span class='ocrx_word' id='word_1_310' title='bbox 897 3043 1233 3088; x_wconf 84' lang='lat' dir='ltr'>excellentiam.</span> 
     </span>
    </p>

    <p class='ocr_par' dir='ltr' id='par_1_10' title="bbox 451 3114 2183 3408">
     <span class='ocr_line' id='line_1_35' title="bbox 518 3114 2179 3180; baseline -0.005 -15"><span class='ocrx_word' id='word_1_311' title='bbox 518 3124 742 3165; x_wconf 71' lang='lat' dir='ltr'>Pastor-es</span> <span class='ocrx_word' id='word_1_312' title='bbox 770 3122 1084 3180; x_wconf 78' lang='lat' dir='ltr'>Aboriginum.</span> <span class='ocrx_word' id='word_1_313' title='bbox 1115 3120 1367 3163; x_wconf 84' lang='lat' dir='ltr'>Romulum</span> <span class='ocrx_word' id='word_1_314' title='bbox 1392 3127 1437 3161; x_wconf 87' lang='lat' dir='ltr'>et</span> <span class='ocrx_word' id='word_1_315' title='bbox 1458 3118 1656 3160; x_wconf 87' lang='lat' dir='ltr'>Remum</span> <span class='ocrx_word' id='word_1_316' title='bbox 1683 3114 1804 3158; x_wconf 86' lang='lat' dir='ltr'>inter</span> <span class='ocrx_word' id='word_1_317' title='bbox 1827 3123 2037 3174; x_wconf 87' lang='lat' dir='ltr'>pastores</span> <span class='ocrx_word' id='word_1_318' title='bbox 2062 3114 2179 3158; x_wconf 86' lang='lat' dir='ltr'>edu-</span> 
     </span>
     <span class='ocr_line' id='line_1_36' title="bbox 451 3189 2181 3254; baseline -0.001 -15"><span class='ocrx_word' id='word_1_319' title='bbox 451 3207 588 3241; x_wconf 83' lang='lat' dir='ltr'>catos.</span> <span class='ocrx_word' id='word_1_320' title='bbox 617 3200 784 3241; x_wconf 81' lang='lat' dir='ltr'>Remus</span> <span class='ocrx_word' id='word_1_321' title='bbox 819 3197 970 3251; x_wconf 87' lang='lat' dir='ltr'>enim,</span> <span class='ocrx_word' id='word_1_322' title='bbox 1000 3197 1126 3240; x_wconf 89' lang='lat' dir='ltr'>idem</span> <span class='ocrx_word' id='word_1_323' title='bbox 1158 3212 1209 3239; x_wconf 85' lang='lat' dir='ltr'>ac</span> <span class='ocrx_word' id='word_1_324' title='bbox 1241 3204 1399 3254; x_wconf 86' lang='lat' dir='ltr'>pastor</span> <span class='ocrx_word' id='word_1_325' title='bbox 1424 3193 1686 3246; x_wconf 80' lang='lat' dir='ltr'>Faustulus,</span> <span class='ocrx_word' id='word_1_326' title='bbox 1723 3191 1872 3235; x_wconf 87' lang='lat' dir='ltr'>dictus</span> <span class='ocrx_word' id='word_1_327' title='bbox 1899 3200 1966 3235; x_wconf 84' lang='lat' dir='ltr'>est</span> <span class='ocrx_word' id='word_1_328' title='bbox 1996 3206 2083 3250; x_wconf 91' lang='lat' dir='ltr'>pro</span> <span class='ocrx_word' id='word_1_329' title='bbox 2115 3189 2181 3251; x_wconf 67' lang='grc' dir='ltr'>ἑρ-</span> 
     </span>
     <span class='ocr_line' id='line_1_37' title="bbox 454 3267 2175 3335; baseline -0.007 -16"><span class='ocrx_word' id='word_1_330' title='bbox 454 3287 526 3335; x_wconf 78' lang='grc' dir='ltr'>μῆς</span> <span class='ocrx_word' id='word_1_331' title='bbox 569 3272 858 3333; x_wconf 72' lang='lat' dir='ltr'>(metathesi,</span> <span class='ocrx_word' id='word_1_332' title='bbox 898 3281 946 3315; x_wconf 90' lang='lat' dir='ltr'>ut</span> <span class='ocrx_word' id='word_1_333' title='bbox 982 3288 1096 3331; x_wconf 84' lang='lat' dir='ltr'>repo</span> <span class='ocrx_word' id='word_1_334' title='bbox 1135 3287 1221 3329; x_wconf 90' lang='lat' dir='ltr'>pro</span> <span class='ocrx_word' id='word_1_335' title='bbox 1255 3269 1382 3333; x_wconf 72' lang='grc' dir='ltr'>ἕρπω)</span> <span class='ocrx_word' id='word_1_336' title='bbox 1411 3284 1492 3312; x_wconf 88' lang='lat' dir='ltr'>seu</span> <span class='ocrx_word' id='word_1_337' title='bbox 1523 3267 1801 3322; x_wconf 85' lang='lat' dir='ltr'>Mercurius,</span> <span class='ocrx_word' id='word_1_338' title='bbox 1833 3267 1910 3326; x_wconf 92' lang='lat' dir='ltr'>qui</span> <span class='ocrx_word' id='word_1_339' title='bbox 1947 3267 2062 3310; x_wconf 84' lang='lat' dir='ltr'>sicut</span> <span class='ocrx_word' id='word_1_340' title='bbox 2084 3267 2175 3308; x_wconf 86' lang='lat' dir='ltr'>Pan</span> 
     </span>
     <span class='ocr_line' id='line_1_38' title="bbox 456 3338 2183 3408; baseline -0.005 -16"><span class='ocrx_word' id='word_1_341' title='bbox 456 3350 717 3408; x_wconf 79' lang='lat' dir='ltr'>pastoribus</span> <span class='ocrx_word' id='word_1_342' title='bbox 750 3357 962 3408; x_wconf 78' lang='lat' dir='ltr'>praeerat,</span> <span class='ocrx_word' id='word_1_343' title='bbox 989 3357 1032 3391; x_wconf 85' lang='lat' dir='ltr'>et</span> <span class='ocrx_word' id='word_1_344' title='bbox 1061 3348 1170 3392; x_wconf 89' lang='lat' dir='ltr'>inde</span> <span class='ocrx_word' id='word_1_345' title='bbox 1196 3338 1382 3406; x_wconf 83' lang='lat' dir='ltr'>quoque</span> <span class='ocrx_word' id='word_1_346' title='bbox 1413 3345 1560 3389; x_wconf 87' lang='lat' dir='ltr'>dictus</span> <span class='ocrx_word' id='word_1_347' title='bbox 1583 3343 1773 3407; x_wconf 66' lang='grc' dir='ltr'>Ερμόπαν</span> <span class='ocrx_word' id='word_1_348' title='bbox 1808 3353 1851 3388; x_wconf 85' lang='lat' dir='ltr'>et</span> <span class='ocrx_word' id='word_1_349' title='bbox 1883 3344 2074 3387; x_wconf 83' lang='lat' dir='ltr'>Nomius</span> <span class='ocrx_word' id='word_1_350' title='bbox 2103 3356 2183 3384; x_wconf 89' lang='lat' dir='ltr'>seu</span> 
     </span>
    </p>
   </div>
  </div>
 </body>
</html>
