2248 3697
344 280 404 326 26
1091 284 1112 325 J
1120 284 1325 327 USTINI

423 388 495 439 II.
532 387 662 438 Post
713 382 1010 438 discessum
1058 384 1336 440 Ptolemaei
1373 385 1630 440 Seleucus
1673 406 1845 460 quum
1885 385 2069 440 adver-

344 504 436 538 sus
460 483 731 552 civitateS,
765 503 884 556 quae
915 483 1252 553 defecerant,
1287 486 1567 560 ingentem
1597 483 1821 539 classem
1856 505 2068 559 compa-

340 593 541 649 rasset,
578 594 831 655 repente,
867 581 1036 636 veluti
1087 582 1188 636 diis
1223 583 1353 658 ipsis
1389 583 1747 658 parricidium
1783 583 2067 637 vindican-

344 680 512 749 tibus,
558 691 679 734 orta
720 692 1068 756 tempestate,
1103 681 1327 737 classem
1373 682 1660 758 naufragio
1701 683 1933 752 amittit;
1972 703 2069 736 nec

344 779 638 854 quicquam
672 777 750 832 illi
778 800 842 834 ex
874 792 1028 834 tanto
1061 793 1353 856 apparatu,
1380 793 1577 856 praeter
1606 781 1819 835 nudum
1843 801 2069 856 corpuS,

343 890 395 933 et
439 879 726 954 spiritum,
775 890 829 932 et
861 899 1062 953 paucos
1104 878 1377 954 naufragii
1412 881 1638 934 comites
1687 881 1930 935 residuos
1969 880 2072 934 for-

347 990 483 1032 tuna
529 978 672 1032 fecit.
723 978 927 1032 Misera
980 977 1203 1051 quidem
1252 997 1367 1045 reS,
1420 976 1512 1031 sed
1556 978 1798 1052 optanda
1844 977 2070 1033 Seleuco

344 1077 448 1130 fuit
482 1098 492 1129 :
530 1076 800 1151 siquidem
831 1076 1077 1131 civitates
1099 1119 1112 1146 ,
1144 1097 1263 1150 quae
1290 1076 1418 1130 odio
1460 1076 1575 1151 ejus
1604 1075 1674 1129 ad
1713 1075 2071 1131 Ptolemaeum

346 1176 702 1243 transierant,
743 1173 894 1229 velut
924 1175 1025 1230 diis
1057 1175 1275 1229 arbitris
1302 1175 1640 1230 satisfactum
1660 1175 1762 1229 sibi
1792 1188 1955 1243 esset,
1986 1196 2070 1229 re-

347 1276 567 1351 pentina
598 1275 909 1329 animorum
938 1275 1242 1328 mutatione
1261 1275 1316 1328 in
1340 1274 1612 1350 naufragii
1640 1274 2073 1329 misericordiam

348 1396 541 1445 versae,
574 1376 804 1449 imperio
861 1394 914 1428 se
962 1374 1076 1448 ejus
1122 1374 1441 1428 restituunt.
1480 1376 1661 1427 Laetus
1706 1373 1874 1448 igitur
1918 1372 2075 1427 malis

347 1477 455 1530 suis
476 1519 489 1545 ,
523 1487 576 1529 et
608 1475 818 1528 damnis
850 1473 1015 1527 ditior
1047 1472 1327 1539 redditus,
1363 1471 1534 1527 veluti
1565 1493 1663 1547 par
1693 1473 1899 1525 viribus
1920 1514 1933 1541 ,
1962 1470 2074 1526 bel-

349 1574 461 1629 lum
498 1573 790 1629 Ptolemaeo
831 1572 996 1626 infert
1028 1594 1038 1626 :
1075 1571 1167 1626 sed
1200 1572 1355 1647 quasi
1401 1571 1468 1625 ad
1513 1570 1813 1625 ludibrium
1858 1583 2077 1624 tantum

349 1676 583 1731 fortunae
616 1687 774 1729 natus
805 1686 969 1744 esset,
1002 1694 1103 1727 nec
1137 1685 1365 1748 propter
1396 1671 1546 1725 aliud
1581 1692 1709 1746 opes
1745 1671 1897 1746 regni
1928 1691 2076 1724 rece-

355 1778 546 1852 pisset,
596 1796 760 1850 quam
802 1786 863 1829 ut
911 1775 1217 1842 amitteret,
1267 1775 1442 1827 victus
1478 1771 1696 1847 proelio,
1745 1792 1856 1825 non
1899 1769 2077 1825 multo

350 1899 514 1952 quam
544 1889 670 1952 post
700 1873 1047 1950 naufragium
1084 1875 1394 1928 comitatior
1414 1915 1428 1941 ,
1460 1872 1704 1947 trepidus
1732 1871 2076 1927 Antiochiam

351 1976 614 2053 confugit.
643 1974 872 2030 Indead
898 1974 1236 2030 Antiochum
1269 1973 1492 2027 fratrem
1529 1971 1735 2026 litteras
1764 1972 1923 2026 facit:
1960 1973 2077 2046 qui-

351 2079 453 2132 bus
494 2075 758 2131 auxilium
790 2076 904 2151 ejus
942 2074 1202 2151 implorat
1223 2117 1236 2142 ,
1271 2073 1454 2128 oblata
1488 2074 1535 2127 ei
1572 2074 1725 2142 Asia,
1768 2074 1911 2126 inter
1945 2072 2078 2126 fines

351 2179 520 2233 Tauri
546 2179 775 2247 montiS,
813 2177 868 2230 in
908 2176 1194 2251 praemium
1233 2173 1352 2228 latae
1387 2174 1524 2248 opis.
1561 2173 1866 2228 Antiochus
1896 2185 2079 2225 autem

353 2300 525 2354 quum
555 2290 693 2333 esset
725 2298 898 2332 annos
930 2297 1030 2331 xlv
1076 2287 1235 2330 natus
1258 2318 1272 2344 ⁷
1317 2295 1482 2349 supra
1514 2286 1728 2328 aetatem
1765 2274 1920 2348 regni
1963 2274 2080 2326 avi-

354 2379 484 2449 dus,
520 2379 861 2433 occasionem
898 2399 1009 2431 non
1045 2389 1153 2431 tam
1181 2377 1272 2452 pio
1301 2376 1701 2449 aniino,quam
1723 2373 2079 2442 offerebatur,

357 2481 634 2556 arripuit:
669 2480 761 2534 sed
811 2477 1040 2532 latronis
1092 2497 1265 2545 more,
1313 2488 1492 2530 totum
1531 2474 1686 2529 fratri
1732 2475 1940 2548 eripere
1988 2494 2079 2527 cu-

357 2582 510 2657 piens
531 2624 545 2651 ,
605 2601 743 2656 puer
802 2577 1119 2633 sceleratam
1175 2575 1494 2652 virilemque
1545 2576 1708 2630 sumit
1777 2573 2079 2627 audaciam.

362 2680 519 2736 Unde
550 2682 771 2735 Hieram
793 2691 874 2733 est
901 2678 1322 2753 cognominatus
1351 2698 1361 2729 ε
1395 2676 1522 2750 quia
1556 2696 1665 2729 non
1696 2674 1966 2741 hominis,
1989 2672 2081 2726 sed

358 2781 632 2856 accipitris
663 2780 769 2833 ritu
793 2821 806 2848 ,
842 2780 897 2832 in
930 2776 1119 2831 alienis
1155 2775 1449 2850 eripiendis
1473 2775 1636 2828 vitam
1665 2785 1974 2826 sectaretur.
1999 2775 2083 2826 In-

360 2892 506 2934 terea
539 2878 866 2933 Ptolemaeus
916 2881 1238 2953 EvergeteS,
1272 2895 1444 2950 quum
1476 2873 1814 2930 Antiochum
1856 2874 1907 2924 in
1941 2873 2086 2924 auxi-

362 2978 494 3032 lium
528 2977 758 3033 Seleuco
800 2978 984 3030 venire
1026 2976 1405 3052 cognovisset,
1454 2993 1522 3026 ne
1567 2994 1691 3026 cum
1722 2971 1935 3026 duobus
1975 2992 2083 3025 uno

366 3090 607 3152 tempore
641 3077 953 3145 dimicaret,
988 3077 1041 3129 in
1075 3096 1246 3129 annos
1266 3074 1450 3128 decem
1481 3093 1608 3127 cum
1644 3071 1866 3126 Seleuco
1900 3093 2082 3147 pacem

364 3175 519 3242 facit;
555 3175 648 3229 sed
686 3197 789 3251 pax
822 3176 889 3228 ab
924 3175 1078 3229 hoste
1114 3175 1238 3228 data
1274 3171 1657 3248 interpellatur
1687 3194 1714 3224 a
1749 3171 1943 3225 fratre:
1972 3172 2083 3244 qui,

365 3274 636 3328 conducto
692 3274 979 3329 Gallorum
1039 3275 1370 3328 mercenario
1416 3274 1680 3340 exercitu,
1740 3292 1839 3345 pro
1886 3267 2084 3324 auxilio
