2315 3868
351 376 410 421 90
1098 363 1124 406 J
1128 362 1338 408 USTINI

349 466 656 518 mittuntur.
704 465 919 519 Interea
974 485 1173 542 corpus
1224 468 1483 523 Antiochi
1535 468 1807 522 interfecti
1861 490 1891 523 a
1942 490 2068 547 rege

348 563 702 634 Parthorum,
728 563 782 616 in
812 562 993 619 loculo
1020 578 1277 641 argenteo
1307 566 1375 620 ad
1403 565 1742 642 sepulturam
1770 568 1826 621 in
1857 569 2065 642 Syriam

346 661 633 715 remissum
674 665 988 739 supervenit
1024 686 1034 718 :
1071 664 1220 739 quod
1253 686 1378 719 cum
1414 666 1621 742 ingenti
1661 666 1840 721 studio
1882 667 2067 722 civita-

346 761 484 814 tium
528 772 582 814 et
621 762 762 837 regis
807 761 1135 832 Alexandri,
1176 763 1243 817 ad
1283 763 1838 820 firmandam'fabulae
1875 765 2063 835 fidem,

345 860 627 934 excipitur.
676 862 813 931 Quae
860 881 944 916 res
995 859 1074 915 illi
1120 882 1381 938 magnum
1427 862 1668 918 favorem
1713 863 2061 940 popularium

343 957 681 1030 conciliavit,
709 961 961 1014 omnibus
986 981 1097 1014 non
1126 959 1275 1014 fictas
1303 962 1358 1014 in
1384 981 1473 1031 e0,
1505 961 1598 1015 sed
1622 982 1774 1016 veras
1800 962 2062 1038 lacrymas

344 1058 790 1113 existimantibus.
831 1060 1144 1113 Demetrius
1187 1071 1370 1114 autem
1407 1060 1583 1114 victus
1619 1061 1686 1114 ab
1719 1060 2059 1132 Alexandro,

344 1177 510 1231 quum
564 1156 806 1231 undique
853 1158 1330 1212 circumstantibus
1379 1156 1534 1212 malis
1581 1171 1949 1233 premeretur,
1993 1161 2061 1215 ad

344 1267 681 1331 postremum
724 1257 885 1310 etiam
925 1256 990 1310 ab
1027 1277 1196 1311 uxore
1228 1256 1461 1331 filiisque
1499 1256 1780 1312 deseritur.
1819 1256 2061 1313 Relictus

344 1357 512 1431 igitur
542 1377 662 1410 cum
697 1357 883 1431 paucis
914 1355 1168 1427 servulis,
1198 1377 1367 1431 quum
1398 1358 1604 1430 Tyrum
1631 1355 1892 1432 religione
1924 1371 2059 1413 tem-

340 1452 418 1528 pli
447 1475 500 1508 se
531 1453 849 1508 defensurus
880 1455 1127 1529 petisset,
1156 1455 1280 1507 navi
1309 1454 1616 1529 egredienS,
1643 1451 1880 1528 praefecti
1903 1456 2057 1530 jussu

343 1552 684 1606 interficitur.
724 1551 878 1606 Alter
914 1572 978 1605 ex
1013 1552 1135 1606 filiis
1173 1551 1461 1621 Seleucus,
1497 1553 1754 1625 quoniam
1789 1554 1903 1606 sine
1939 1574 2056 1607 ma-

343 1651 439 1704 tris
471 1652 795 1704 auctoritate
827 1650 1072 1705 diadema
1104 1651 1450 1726 sumpsisset,
1483 1650 1548 1703 ab
1578 1649 1764 1704 eadem
1793 1651 2053 1705 interfici-

341 1761 458 1817 tur3
503 1748 667 1819 alter,
719 1752 806 1804 cui
850 1761 1074 1825 propter
1120 1750 1235 1803 nasi
1275 1749 1707 1824 magnitudinem
1749 1769 2053 1824 cognomen

344 1851 532 1923 Grypo
557 1848 683 1917 fuit,
710 1869 803 1902 rex
829 1869 857 1901 a
880 1860 1051 1903 matre
1075 1848 1336 1902 hactenus
1367 1848 1744 1914 constituitur,
1768 1859 1828 1901 ut
1853 1869 2052 1902 nomen

343 1946 483 2023 regis
504 1967 666 2022 penes
687 1945 885 2016 filium,
908 1951 988 2001 vis
1007 1960 1189 2001 autem
1207 1948 1381 2006 omnis
1407 1946 1620 2021 imperii
1642 1966 1805 2020 penes
1824 1959 2053 2001 matrem

346 2058 498 2100 esset.

424 2147 492 2198 ΙΙ.
542 2145 647 2199 Sed
692 2144 1026 2212 Alexander,
1071 2157 1340 2219 occupato
1387 2145 1549 2218 Syriae
1594 2165 1797 2219 regnO,
1839 2156 2051 2197 tumens

351 2263 600 2297 successu
629 2263 836 2313 rerum,
864 2263 1116 2318 spernere
1136 2244 1246 2317 jam
1274 2244 1434 2296 etiam
1461 2244 1637 2316 ipsum
1662 2241 2014 2295 Ptolemaeum
2033 2285 2047 2310 ,

347 2362 375 2395 a
409 2362 517 2416 quo
550 2341 722 2395 fuerat
755 2341 1082 2395 subornatus
1118 2342 1174 2394 in
1208 2360 1464 2415 regnum,
1499 2340 1732 2415 superba
1765 2339 2050 2394 insolentia

345 2441 521 2513 coepit.
569 2441 762 2513 Itaque
810 2438 1161 2508 Ptolemaeus,
1211 2438 1556 2493 reconciliata
1601 2439 1800 2493 sororis
1846 2441 2047 2515 gratia,

346 2537 622 2593 destruere
652 2536 941 2593 Alexandri
971 2558 1230 2612 regnum,
1264 2536 1411 2611 quod
1442 2536 1567 2590 odio
1597 2537 1889 2604 Demetrii,
1922 2537 2048 2589 viri-

347 2638 443 2690 bus
491 2638 598 2690 suis
649 2637 1002 2711 acquisierat,
1051 2637 1274 2689 summis
1333 2636 1526 2709 opibus
1575 2637 1823 2689 instituit.
1873 2635 2047 2687 Mittit

350 2735 513 2811 igitur
564 2735 803 2809 ingentia
852 2737 1040 2809 Grypo
1089 2732 1321 2802 auxilia,
1371 2746 1424 2787 et
1472 2733 1638 2787 filiam
1689 2732 2045 2806 Tryphaenam

347 2834 535 2906 Grypo
570 2844 888 2906 nupturam,
923 2845 983 2886 ut
1013 2831 1242 2907 populos
1277 2833 1331 2885 in
1368 2832 1630 2885 auxilium
1664 2831 1899 2903 nepotis,
1934 2849 2040 2884 non

348 2933 597 2984 societate
639 2942 850 2984 tantum
891 2929 1045 2997 belli,
1089 2950 1277 2983 verum
1317 2942 1369 2983 et
1407 2929 1668 2984 affinitate
1707 2947 1801 2980 sua
1843 2925 2042 2980 sollici-

350 3040 500 3082 taret.
553 3031 668 3084 Nec
717 3049 796 3081 res
850 3029 1047 3082 frustra
1096 3028 1228 3095 fuit3
1281 3048 1404 3080 nam
1448 3047 1614 3100 quum
1664 3044 1849 3078 omnes
1900 3028 2042 3099 Gry-

351 3146 479 3198 pum
523 3128 844 3180 instructum
880 3127 1093 3200 AEgypti
1126 3127 1329 3178 viribus
1368 3124 1640 3190 viderent,
1673 3121 1934 3197 paulatim
1977 3123 2042 3175 ab

352 3222 652 3277 Alexandro
687 3223 912 3276 delicere
941 3244 1163 3297 coepere.
1199 3225 1282 3276 Fit
1319 3221 1510 3275 deinde
1545 3221 1685 3273 inter
1718 3240 1867 3295 reges
1902 3242 2043 3294 proe-

358 3320 512 3387 lium,
558 3343 662 3394 quo
705 3323 876 3374 victus
917 3321 1217 3375 Alexander
1262 3319 1593 3374 Antiochiam
1634 3319 1872 3393 profugit
1913 3339 1922 3369 :
1970 3319 2039 3369 ibi
