2315 3868
579 350 1024 394 HISTORIARUM
1053 349 1166 391 LIB.
1204 350 1372 392 XLIV.
1761 365 1843 394 121

125 452 323 509 bellare
353 455 537 530 coepit,
570 452 998 528 perseveraverit
1031 472 1041 503 :
1079 462 1139 503 ut
1171 452 1348 523 quivis
1382 453 1664 526 gregarius
1695 453 1849 506 miles

128 554 243 627 ipso
274 555 601 628 imperatore
632 549 947 624 opulentior
976 548 1274 602 videretur.

205 656 303 706 ΠΙ.
351 654 414 705 In
455 651 732 705 Lusitanis
765 649 924 723 juxta
962 648 1193 702 fluvium
1232 651 1444 724 Tagum
1482 664 1644 704 vento
1685 673 1849 727 equas

125 753 262 807 setus
299 750 613 824 concipere,
645 747 806 804 multi
847 761 1096 803 auctores
1134 748 1425 823 prodidere
1462 770 1472 802 ε
1505 771 1623 824 quae
1658 751 1853 806 fabulae

123 872 185 905 ex
224 870 490 924 equarum
530 848 914 917 foecunditate,
954 862 1006 903 et
1048 869 1277 925 gregum
1316 848 1671 903 multitudine
1714 864 1852 906 natae

124 960 250 1003 sunt
286 970 296 1002 :
333 949 428 1023 qui
462 948 601 1001 tanti
635 949 689 1001 in
727 947 1012 1017 Gallaecia,
1053 960 1107 1002 et
1139 949 1454 1019 Lusitania,
1491 970 1553 1003 ac
1587 961 1698 1003 tam
1734 971 1854 1025 per-

121 1050 265 1104 nices
312 1050 596 1118 visuntur,
643 1061 704 1102 ut
748 1069 860 1103 non
907 1044 1180 1104 immerito
1226 1061 1391 1104 vento
1442 1050 1558 1125 ipso
1603 1051 1853 1125 concepti

121 1148 425 1203 videantur.
476 1147 697 1203 Gallaeci
748 1161 931 1202 autem
981 1170 1212 1224 graecam
1257 1150 1358 1203 sibi
1400 1150 1668 1224 originem
1715 1171 1855 1204 asse-

122 1261 252 1302 runt
296 1270 306 1302 :
355 1248 625 1323 siquidem
676 1261 800 1323 post
852 1248 1015 1302 finem
1060 1249 1284 1323 Trojani
1336 1247 1494 1318 belli,
1545 1252 1854 1318 Teucrum,

123 1360 297 1401 morte
327 1347 505 1421 Ajacis
541 1346 725 1400 fratris
760 1347 997 1400 invisum
1031 1348 1173 1422 patri
1202 1345 1510 1418 Telamoni,
1543 1369 1715 1422 quum
1744 1370 1855 1402 non

125 1446 456 1522 reciperetur
492 1447 548 1499 in
588 1465 818 1520 regnum
841 1488 854 1515 ,
892 1448 1140 1521 Cyprum
1179 1448 1536 1517 concessisse,
1577 1459 1742 1522 atque
1782 1448 1856 1502 ibi

123 1546 316 1600 urbem
362 1547 583 1599 nomine
631 1545 871 1619 antiquae
914 1546 1103 1621 patriae
1152 1545 1484 1601 Salaminam
1529 1547 1850 1603 condidisse.

122 1644 288 1715 Inde,
329 1657 547 1720 accepta
585 1645 845 1718 opinione
881 1657 1122 1720 paternae
1160 1648 1384 1715 mortis,
1422 1648 1657 1723 patriam
1696 1669 1851 1724 repe-

125 1745 263 1798 tisse.
299 1742 403 1797 Sed
437 1763 608 1818 quum
642 1743 709 1796 ab
747 1746 1051 1819 Eurysace,
1087 1746 1269 1819 Ajacis
1304 1744 1442 1814 filio,
1476 1767 1694 1801 accessu
1727 1769 1855 1823 pro-

123 1843 429 1911 hiberetur,
462 1842 737 1916 Hispaniae
769 1840 1019 1897 litoribus
1053 1842 1371 1919 appulsum,
1403 1843 1548 1915 loca,
1578 1847 1671 1899 ubi
1708 1867 1855 1900 nunc

124 1955 204 1996 est
228 1943 506 2018 Carthago
532 1963 699 2011 nova,
726 1963 1017 2018 occupasse
1042 1965 1052 1998 :
1076 1943 1202 1998 inde
1226 1943 1541 1999 Gallaeciam
1566 1947 1822 2001 transisse
1839 1991 1852 2017 ,

123 2054 197 2114 e't,
224 2043 413 2118 positis
440 2042 682 2111 sedibUS,
713 2043 861 2118 genti
890 2063 1091 2098 nomen
1119 2043 1347 2098 dedisse.
1376 2043 1643 2099 Gallaeciae
1671 2059 1853 2100 autem

125 2144 328 2220 portiO,
355 2142 704 2219 Amphilochi
740 2143 1016 2198 dicuntur.
1045 2146 1221 2221 Regio
1249 2166 1374 2200 cum
1411 2147 1527 2200 aeris
1554 2168 1616 2201 ac
1639 2146 1853 2222 plumbi

125 2244 424 2314 uberrima,
458 2256 577 2297 tum
604 2255 656 2297 et
687 2244 884 2313 mini0,
918 2244 1067 2318 quod
1103 2245 1265 2299 etiam
1297 2246 1479 2299 vicino
1513 2245 1726 2301 flumini
1755 2269 1854 2302 no-

125 2364 248 2398 men
274 2343 435 2397 dedit.
467 2345 618 2409 Auro
645 2364 864 2417 quoque
890 2343 1180 2413 ditissima,
1207 2345 1369 2415 ade0,
1397 2358 1458 2399 ut
1483 2348 1644 2400 etiam
1669 2360 1852 2402 aratro

126 2444 439 2517 frequenter
489 2440 671 2517 glebas
719 2462 909 2496 aureas
954 2443 1288 2497 exscindant.
1340 2447 1406 2498 In
1456 2445 1619 2520 hujus
1676 2447 1851 2521 gentis

127 2542 323 2596 finibus
359 2562 509 2595 sacer
540 2562 697 2595 mons
735 2554 838 2611 est,
878 2563 1042 2616 quem
1078 2542 1222 2597 ferro
1258 2542 1462 2598 violare
1500 2545 1648 2599 nefas
1688 2546 1852 2600 habe-

126 2655 218 2696 tur
253 2663 264 2695 z
303 2641 396 2695 sed
433 2642 474 2694 si
512 2641 733 2715 quando
768 2639 983 2717 fulgure
1016 2653 1160 2695 terra
1192 2644 1461 2718 proscissa
1495 2658 1605 2713 est,
1637 2667 1757 2720 quae
1793 2647 1848 2700 in

126 2743 210 2794 his
249 2740 382 2795 locis
435 2740 650 2794 assidua
701 2761 785 2794 res
827 2753 940 2811 est,
984 2741 1258 2795 detectum
1301 2764 1531 2813 aurum,
1571 2745 1721 2800 velut
1762 2747 1846 2800 dei

130 2861 362 2910 munus,
410 2839 664 2915 colligere
714 2841 1067 2915 permittitur.
1118 2844 1348 2896 Feminae
1397 2865 1479 2897 res
1528 2844 1847 2900 domesticas

130 2958 496 3013 agrorumque
523 2937 764 2993 culturas
792 2939 1175 2994 administrant
1200 2963 1209 2994 :
1236 2941 1339 3015 ipsi
1371 2944 1534 2996 armis
1565 2955 1618 2997 et
1644 2946 1848 3019 rapinis

132 3036 388 3090 serviunt.
426 3039 708 3113 Praecipua
739 3038 822 3091 his
855 3038 1077 3112 quidem
1116 3039 1243 3093 ferri
1286 3041 1539 3109 materia,
1582 3041 1672 3096 sed
1709 3063 1847 3118 aqua

130 3138 246 3211 ipso
274 3134 416 3188 ferro
445 3119 738 3191 uiolentior
763 3158 773 3190 2
806 3138 1008 3213 quippe
1038 3150 1467 3213 temperamento
1494 3141 1609 3214 ejus
1641 3142 1845 3196 ferrum

130 3236 304 3289 acrius
346 3233 623 3303 redditur,
660 3257 757 3289 nec
801 3235 973 3289 ullum
1016 3237 1161 3312 apud
1205 3259 1294 3291 eos
1340 3238 1507 3293 telum
1551 3240 1843 3314 probatur,

130 3333 276 3408 quod
305 3354 414 3387 non
441 3344 530 3386 aul
563 3333 740 3387 Bilbili
773 3334 969 3405 fluviO,
998 3348 1094 3389 aut
1119 3335 1361 3410 Chalybe
1394 3339 1652 3412 tingatur.
1685 3340 1845 3395 Unde
