2315 3868
388 387 404 414 1
418 386 474 414 *ιο
1121 370 1146 411 J
1149 369 1357 413 USTINI

381 472 624 546 partibus
661 469 903 545 undique
941 472 996 525 in
1033 472 1221 525 orbem
1256 474 1392 526 mari
1423 474 1676 549 cingitur.
1709 479 1907 528 Forma
1937 487 2092 529 terrae

382 589 550 643 prope
576 568 867 642 quadrata,
895 571 999 623 nisi
1028 570 1202 643 quod,
1230 572 1562 625 aretantibus
1592 571 1714 625 freti
1738 571 2016 642 litoribus,
2036 574 2090 624 in

381 671 703 741 Pyrenaeum
730 668 855 722 coit.
882 671 1054 723 Porro
1081 670 1324 742 Pyrenaei
1353 673 1553 723 montis
1579 671 1815 745 spatium
1845 682 2095 724 sexcenta

382 765 550 821 millia
578 788 838 843 passuum
862 767 1042 822 efficit.
1076 766 1371 821 Salubritas
1397 768 1517 822 coeli
1546 789 1640 843 per
1667 790 1880 823 omnem
1899 769 2093 843 Hispa-

382 867 529 919 niam
565 866 817 941 aequalis,
854 867 983 941 quia
1018 867 1154 919 aeris
1191 867 1413 939 spiritus
1446 866 1596 920 nulla
1627 867 1912 942 paludium
1946 869 2095 944 gravi

382 964 582 1019 nebula
611 964 871 1018 inficitur.
900 968 1022 1018 Huc
1054 962 1323 1017 accedunt
1352 976 1404 1017 et
1432 966 1655 1018 marinae
1682 986 1826 1021 aurae
1855 966 2096 1041 undique

383 1085 568 1118 versus
609 1063 811 1117 assidui
847 1062 1030 1132 flatus,
1073 1061 1270 1136 quibus
1306 1083 1522 1116 omnem
1561 1065 1901 1138 provinciam
1937 1085 2098 1139 pene—

383 1163 682 1228 trantibUS‚
715 1159 1003 1216 eventilato
1038 1162 1278 1214 terrestri
1311 1162 1530 1236 spiritu,
1563 1163 1836 1236 praecipua
1865 1162 2099 1216 homini-

383 1262 485 1315 bus
514 1261 714 1315 sanitas
745 1259 1009 1315 redditur.

464 1362 534 1414 ΙΙ.
581 1363 826 1434 Corpora
855 1359 1137 1413 hominum
1167 1360 1235 1414 ad
1264 1360 1499 1414 inediam
1529 1358 1907 1434 laboremque,
1935 1361 2102 1414 animi

386 1457 454 1511 ad
489 1470 720 1512 mortem
753 1458 945 1532 parati.
981 1460 1137 1511 Dura
1171 1459 1425 1512 omnibus
1459 1470 1511 1511 et
1543 1458 1798 1512 adstricta
1834 1460 2103 1533 parcimo-

386 1557 491 1610 nia.
536 1555 780 1624 Bellum,
821 1576 983 1629 quam
1025 1556 1196 1608 otium
1234 1555 1474 1625 malunt3
1518 1556 1560 1608 si
1598 1567 1886 1609 extraneus
1927 1557 2103 1627 deest,

388 1654 535 1708 domi
572 1654 783 1708 hostem
819 1665 1086 1728 quaerunt.
1125 1655 1274 1728 Saepe
1314 1655 1595 1708 tormentis
1633 1675 1734 1729 pro
1774 1653 1987 1708 silentio
2025 1676 2105 1709 re-

387 1774 511 1807 rum
539 1752 871 1807 creditarum
904 1753 1184 1805 immortui
1213 1773 1223 1805 :
1250 1752 1383 1806 adeo
1412 1751 1514 1806 illis
1545 1752 1739 1807 fortior
1769 1754 2106 1807 taciturnita-

388 1854 455 1906 tis
484 1872 640 1922 cura⁷
668 1871 831 1925 quam
854 1847 994 1904 vitae!
1024 1850 1348 1906 Celebratur
1373 1853 1535 1905 etiam
1565 1850 1707 1905 bello
1731 1853 1939 1906 Punico
1967 1854 2106 1906 servi

389 1951 532 2005 illius
561 1951 850 2026 patientia,
884 1951 976 2023 qui
1006 1949 1154 2003 ultus
1185 1949 1493 2019 dominum,
1528 1950 1668 2003 inter
1694 1962 1966 2004 tormenta
1996 1952 2107 2004 risu

390 2050 708 2119 exsultavit,
752 2070 1048 2123 serenaque
1093 2048 1279 2103 laetitia
1321 2048 1694 2103 crudelitatem
1737 2051 2108 2124 torquentium

391 2152 534 2204 vicit.
569 2148 846 2204 Velocitas
884 2151 1030 2224 genti
1063 2149 1288 2223 pernix,
1321 2149 1532 2222 inquies
1568 2149 1780 2202 animus
1817 2169 1827 2200 :
1860 2147 2110 2222 plurimis

392 2249 648 2304 militares
675 2249 801 2323 equi
832 2260 886 2301 et
913 2269 1063 2302 arma
1092 2248 1353 2323 sanguine
1382 2248 1628 2322 ipsorum
1657 2248 1883 2300 cariora.
1913 2245 2111 2302 Nullus

392 2353 447 2405 in
487 2351 650 2404 festos
697 2349 807 2403 dies
849 2347 1134 2424 epularum
1172 2360 1481 2423 apparatus.
1522 2351 1679 2421 Aqua
1725 2345 1899 2401 calida
1942 2346 2110 2401 lavari

395 2463 516 2526 post
547 2448 846 2504 secundum
875 2446 1079 2501 bellum
1112 2447 1381 2500 Punicum
1414 2468 1443 2499 a
1472 2447 1730 2500 Romanis
1763 2445 2014 2501 didicere.
2046 2450 2110 2500 In

396 2561 547 2604 tanta
583 2545 900 2601 saeculorum
941 2547 1077 2600 serie
1115 2544 1296 2599 nullus
1332 2545 1435 2599 illis
1478 2545 1588 2598 dux
1629 2565 1885 2620 magnus,
1919 2557 2114 2619 praeter

395 2649 693 2716 viriatum,
719 2646 822 2700 fuit
848 2667 858 2699 ε
887 2646 979 2720 qui
1007 2666 1176 2699 annos
1203 2644 1388 2699 decem
1413 2648 1689 2698 Romanos
1714 2645 1864 2698 varia
1887 2644 2114 2697 victoria

395 2748 642 2823 fatigavit
670 2746 690 2821 <
706 2745 838 2799 adeo
869 2745 994 2798 feris
1025 2746 1308 2819 propiora,
1338 2764 1504 2818 quam
1531 2743 1868 2809 hominibus,
1898 2742 2115 2816 ingenia

398 2842 648 2922 geruntl)
681 2866 691 2897 :
723 2865 885 2918 quem
914 2845 1118 2918 ipsum,
1151 2863 1261 2896 non
1289 2842 1497 2916 judicio
1520 2840 1709 2916 populi
1733 2839 1988 2909 electum,
2023 2839 2115 2893 sed

399 2958 460 2999 ut
513 2945 740 2999 cavendi
794 2946 1048 2998 scientem
1075 2983 1090 3012 7
1137 2940 1694 3014 declinandorumque
1745 2938 2115 3013 periculorum

401 3047 639 3120 peritum
696 3046 863 3099 secuti
904 3056 1046 3098 sunt.
1109 3043 1280 3115 Cujus
1329 3062 1391 3095 ea
1447 3042 1621 3092 virtus
1668 3037 2111 3112 continentiaque

403 3144 530 3212 fuit,
568 3158 659 3216 ut,
696 3164 866 3218 quum
901 3140 1211 3197 consulares
1246 3141 1511 3194 exercitus
1552 3138 1860 3211 frequenter
1895 3138 2116 3204 vicerit,

405 3246 567 3297 tantis
592 3244 750 3298 rebus
775 3243 934 3318 gestis
960 3262 1070 3294 non
1097 3260 1401 3307 armorum,
1429 3258 1537 3290 non
1564 3236 1724 3289 vestis
1751 3233 1980 3307 cultum,
2009 3257 2117 3290 non

408 3342 635 3415 denique
659 3344 862 3395 victum
886 3341 1200 3401 mutaverim,
1224 3338 1314 3392 sed
1339 3339 1392 3390 in
1415 3358 1476 3390 co
1502 3337 1721 3404 habitu7
1750 3358 1858 3410 quo
1883 3339 2118 3410 primum
