2315 3868
640 298 966 345 HISTORIAS
1007 297 1395 341 PHILIPPICAS.
1788 314 1812 341 2
1825 316 1841 341 1
1857 315 1874 344 1

164 417 288 452 scens
312 427 325 452 :
355 409 478 455 unde
504 411 601 468 jam
631 422 767 467 supra
797 407 1007 466 quaedam
1028 405 1286 463 hausimus,
1308 404 1414 450 licet
1438 406 1485 450 in
1510 409 1718 453 omnibus
1758 426 1867 456 con-

164 483 336 530 sentire
366 501 474 531 cum
507 494 695 532 auctore
724 501 824 530 non
853 484 1096 545 possimus.

231 571 337 617 cip.
374 574 414 620 I.
454 574 636 619 Soror-is
674 574 863 617 alterius
898 572 1140 616 Laodices.
1181 573 1251 615 De
1291 572 1376 614 hac
1409 569 1605 629 legenda
1643 577 1751 612 sunt
1785 583 1883 627 quae

163 656 293 693 acute
324 649 578 709 disputavit
616 649 799 709 Baylius
830 649 877 692 in
910 648 1232 692 Dictionnaire
1263 646 1349 690 sub
1379 660 1493 689 voce
1529 647 1747 689 Laodice.

231 738 398 782 Currus
416 738 644 795 falcatos.
678 738 740 780 Hi
772 739 930 796 quales
955 736 1130 781 fuerint
1160 736 1225 778 ita
1249 733 1498 792 descripsit
1529 733 1691 776 Cicero
1728 750 1737 775 :
1771 754 1789 772 «
1813 734 1882 776 Ex

163 830 345 858 summo
373 823 560 858 temone
589 815 728 859 hastae
762 813 961 873 praefixae
985 814 1110 858 ferro
1146 811 1438 866 eminebant;
1466 810 1685 869 utrinque
1717 825 1742 853 a
1769 810 1885 868 jugo

162 889 338 934 ferreos
367 890 637 935 direxerant
672 892 875 950 gladios,
901 899 946 935 et
972 891 1094 934 inter
1117 889 1275 934 radios
1310 897 1518 932 rotarum
1542 888 1675 946 plura
1710 887 1886 946 spicula

162 966 432 1011 eminebant
465 967 513 1010 in
545 968 817 1023 adversum3
846 968 944 1010 aliae
974 966 1146 1011 deinde
1175 966 1313 1010 falces
1346 964 1534 1010 summis
1565 972 1776 1008 rotarum
1806 979 1885 1007 or-

161 1042 300 1086 bibus
340 1043 602 1099 haerebant,
648 1052 693 1088 et
729 1044 827 1087 aliae
865 1044 913 1086 in
954 1052 1124 1087 terram
1157 1042 1390 1095 demissae,
1426 1040 1650 1099 quicquid
1693 1039 1885 1082 obvium

162 1119 407 1163 concitatis
439 1120 569 1180 equis
603 1130 919 1179 amputaturae.
953 1141 970 1158 »

229 1208 335 1251 CAP.
383 1209 467 1251 III.
508 1210 744 1268 Tigranes.
783 1209 977 1262 Strabo,
1012 1224 1091 1262 xx,
1118 1223 1268 1266 prope
1300 1206 1441 1250 finem
1484 1224 1492 1247 :
1528 1206 1753 1264 Tigranes
1797 1214 1887 1251 κατ’

163 1291 287 1346 ἀρχὰς
311 1292 380 1346 μὲν
416 1292 623 1347 ὡμήρευσε
648 1292 762 1347 παρὰ
784 1293 950 1347 Πάρθοις
991 1293 1135 1332 ἔπειτα
1168 1288 1222 1330 δι’
1255 1292 1408 1331 ἐκείνων
1447 1292 1561 1343 ἔτυχε
1589 1284 1784 1338 καθόδου,
1819 1293 1889 1327 λα.-

163 1367 311 1416 βόντων
345 1368 480 1422 μισθὸν
518 1364 803 1421 ἑβδομήκοντα
839 1370 1017 1413 αὐλῶνας
1050 1372 1119 1413 τῆς
1161 1360 1377 1420 Ᾱρμενίας,
1412 1366 1496 1402 etc·
1524 1359 1617 1412 QUi
1644 1358 1772 1400 lOCUS
1801 1358 1888 1399 Ju-

161 1435 271 1478 stini
294 1435 615 1478 narrationem
643 1449 932 1493 magnopere
966 1433 1226 1478 confirmat.
1258 1433 1540 1492 Bongarsius
1568 1449 1577 1475 :
1605 1453 1623 1472 «
1642 1431 1889 1491 Appianus

158 1510 531 1554 Ariobarzanem
558 1527 582 1553 a
605 1511 813 1554 Mithroa
838 1520 882 1554 et
912 1513 1066 1569 Bagoa
1096 1510 1392 1568 Cappadocia
1420 1511 1604 1568 pulsum
1631 1509 1819 1563 scribit,
1845 1518 1889 1552 et

160 1586 208 1629 in
234 1586 330 1644 ejus
358 1588 512 1630 locum
532 1587 826 1630 Ariarathem
852 1587 1176 1641 constitutum3
1200 1585 1504 1629 Nicomedem
1529 1600 1643 1628 vero
1670 1583 1889 1643 Bithynia

162 1678 185 1705 a
216 1664 408 1706 Socrate
438 1662 580 1706 fratre
610 1662 864 1720 ejectum.»
896 1662 945 1707 Si
971 1663 1113 1722 igitur
1142 1662 1396 1705 Mithroam
1428 1670 1472 1705 et
1503 1663 1735 1719 Bagoam,
1769 1677 1890 1719 quo-

162 1754 265 1781 rum
292 1740 470 1782 mentio
506 1738 621 1781 alibi
643 1753 739 1781 non
764 1738 1031 1793 invenitur,
1066 1754 1153 1796 pro
1189 1738 1383 1781 ducibus
1418 1737 1637 1795 Tigranis
1664 1738 1859 1781 habebis
1878 1772 1889 1791 ‚

163 1814 427 1859 consentiet
453 1813 629 1859 Justini
652 1815 860 1858 narratio
893 1815 1033 1858 etiam
1057 1830 1160 1857 curn
1192 1814 1440 1872 Appiano,
1472 1814 1711 1867 Mithrid„
1741 1829 1778 1856 c.
1816 1829 1887 1857 10.

163 1891 257 1935 Sed
293 1890 479 1934 moneri
511 1890 653 1934 debet
687 1891 1061 1935 Ariobarzanem
1092 1890 1188 1948 jam
1213 1890 1355 1934 semel
1386 1890 1446 1932 ab
1469 1890 1695 1932 Romanis
1725 1889 1774 1931 in
1812 1905 1889 1932 re-

162 1982 306 2026 gnum
336 1967 599 2011 restitutum
616 1983 742 2010 nunc
770 1970 923 2010 altera
948 1968 1048 2010 vice
1068 1966 1267 2025 expelli3
1296 1975 1403 2025 post
1431 1966 1600 2009 iterum
1632 1966 1791 2009 reduci
1807 1982 1889 2024 per

162 2045 340 2103 legatos
371 2046 720 2098 Romanorum3
757 2044 941 2087 tertium
968 2043 1169 2101 denique
1194 2043 1253 2086 ab
1280 2043 1402 2101 Sylla
1429 2059 1439 2084 :
1476 2043 1604 2100 quod
1629 2044 1890 2101 neglectum

163 2122 224 2164 ab
255 2120 555 2165 historiarum
587 2120 894 2179 scriptoribus
926 2135 981 2163 ex
1013 2120 1116 2163 solo
1149 2119 1370 2177 Appiano
1401 2127 1584 2177 poterat
1617 2127 1741 2161 recte
1775 2134 1891 2161 con—

163 2197 303 2241 stitui.
337 2197 404 2241 Cf.
434 2200 855 2241 WOLTERSDORFH
887 2197 1134 2240 Commeat.
1155 2229 1168 2249 ‚
1201 2211 1246 2254 p.
1287 2195 1343 2251 37
1382 2211 1482 2253 sqq.

231 2285 417 2328 Mortuo
470 2285 751 2339 Nicomede,
789 2286 932 2327 etiam
956 2284 1092 2342 filius
1125 2283 1237 2339 ejus.
1270 2283 1389 2326 Vide
1428 2285 1650 2336 Apum„
1686 2283 1714 2324 l.
1741 2298 1778 2325 c.
1800 2315 1811 2336 ‚
1847 2290 1891 2324 et

164 2362 478 2417 MEMNONEM,
511 2377 556 2420 p.
595 2362 715 2417 230,
741 2362 812 2405 ed.
839 2361 1055 2405 Bekkeri.
1082 2362 1162 2404 Est
1194 2376 1341 2404 annus
1374 2359 1435 2419 89
1461 2376 1499 2402 a.
1535 2361 1583 2404 C.
1618 2359 1676 2402 N.

234 2450 460 2508 Aquilius.
496 2449 681 2492 Manius
712 2449 944 2507 Aquilius.
973 2449 1093 2492 Vide
1128 2450 1353 2500 APmAN„
1390 2462 1429 2490 c.
1460 2463 1475 2489 1
1495 2463 1530 2489 1.
1558 2448 1627 2488 Dc
1659 2447 1884 2499 Maltino,

165 2526 288 2571 conf.
314 2526 436 2570 infra
469 2526 619 2584 ipsum
642 2527 880 2580 TRoGUM,
909 2542 946 2568 c.
986 2532 1026 2577 4.

231 2616 433 2674 Legatos
465 2616 533 2657 ad
565 2615 783 2658 Cimbros.
820 2614 1078 2656 Dubitabat
1111 2613 1168 2655 de
1198 2612 1267 2654 his
1301 2610 1668 2665 Freinshemius,
1694 2619 1738 2654 ct
1763 2626 1786 2653 e
1811 2626 1889 2653 ca-

163 2691 262 2749 pite
288 2708 342 2747 7,
394 2690 476 2734 ubi
523 2693 759 2749 Bosporus
803 2699 1105 2743 memoratur,
1154 2689 1424 2732 restituebat
1471 2687 1752 2732 Cimmerios.
1798 2686 1890 2729 Sed

166 2768 348 2826 Trogus
381 2767 615 2826 pertinere
654 2768 712 2810 ad
745 2782 824 2810 eos
860 2767 1068 2822 videtur,
1104 2765 1209 2823 qui,
1235 2774 1284 2808 ut
1318 2764 1452 2807 multi
1480 2764 1582 2820 alii,
1616 2763 1889 2806 Cimmerios

167 2852 346 2900 partem
383 2843 679 2887 Cimbrorum
708 2844 778 2886 vel
818 2843 1033 2886 eumdem
1067 2842 1261 2885 omnino
1294 2841 1519 2899 populum
1546 2855 1641 2883 esse
1677 2839 1890 2883 credide-

167 2918 228 2961 rit
253 2935 263 2960 :
287 2922 350 2961 ita
382 2920 518 2963 etiam
537 2919 838 2973 Posidonius,
869 2919 991 2962 unde
1011 2919 1107 2976 jam
1133 2934 1269 2977 supra
1296 2918 1492 2960 vidimus
1517 2918 1724 2975 Trogum
1747 2917 1891 2961 multa

168 2994 388 3038 hausisse.
415 2996 536 3039 Vide
571 2998 874 3041 Wssssmmo.
911 2996 969 3038 ad
1000 2996 1197 3039 Diodor.
1225 3011 1269 3049 V,
1294 3011 1331 3037 c.
1362 2996 1434 3037 32.

235 3083 508 3126 Bastarnas,
534 3085 663 3137 Quos
696 3083 775 3126 alii
807 3083 944 3126 codd.
960 3119 970 3139 ‚
989 3083 1126 3126 etiam
1152 3082 1347 3126 aliorum
1377 3081 1670 3139 scriptorum,
1695 3082 1891 3123 Baster-

171 3174 255 3201 nas
278 3168 462 3201 vocant.

237 3246 341 3290 CAP.
368 3247 449 3289 IV.
484 3247 695 3306 Quinque
717 3248 920 3290 millibus
945 3248 1268 3290 Macedonum.
1295 3246 1410 3289 Vide
1436 3261 1542 3290 Χνιῐ
1564 3278 1575 3300 ,
1606 3262 1642 3288 c.
1673 3260 1713 3288 2.
1750 3245 1890 3300 Quod

170 3321 341 3365 deinde
370 3321 505 3377 dicit,
519 3323 660 3379 fitsos
683 3325 821 3367 tribus
852 3324 1031 3382 proeliis
1058 3325 1316 3375 Romanor,
1348 3338 1402 3365 ex
1431 3331 1562 3383 parte
1594 3331 1770 3365 tantum
1804 3338 1888 3365 ve—

1537 3412 1616 3476 lli.
