2315 3868
622 338 1062 382 HISTORIARUM
1091 339 1204 381 LIB.
1239 338 1458 382 XXXIX.
1839 353 1896 396 91

191 439 346 513 inops
384 440 655 513 pecuniae,
696 459 865 513 quum
909 438 1176 513 stipendia
1222 439 1486 494 militibus
1527 441 1801 509 deessent,
1845 442 1901 494 in

190 537 393 614 templo
441 539 586 592 Jovis
634 536 866 591 solidum
913 557 978 591 ex
1025 557 1159 591 auro
1209 538 1468 594 Victoriae
1519 541 1735 615 signum
1786 539 1903 593 tolli

184 640 371 713 jubet,
425 637 607 690 facetis
661 637 796 711 jocis
849 635 1190 712 sacrilegium
1246 638 1727 708 circumscribens,
1779 660 1901 693 nam

191 736 535 792 «Victoriam
579 735 980 790 commodatam
1028 736 1129 790 sibi
1177 735 1243 790 ab
1288 738 1420 790 Jove
1468 756 1626 790 esse»
1672 738 1899 792 dicebat.

188 834 492 908 Interjectis
541 833 737 889 deinde
785 834 1010 905 diebus,
1059 855 1229 909 quum
1278 835 1446 910 ipsius
1489 836 1636 888 Jovis
1681 855 1904 890 aureum

189 931 538 986 simulacrum
581 932 777 987 infiniti
818 934 1074 1009 ponderis
1114 936 1278 988 tacite
1319 932 1475 989 evelli
1506 934 1782 1009 jussisset,
1815 935 1906 988 de-

187 1031 598 1106 prehensusque
630 1033 682 1085 in
715 1030 994 1108 sacrilegio
1014 1075 1028 1101 ,
1067 1053 1338 1086 concursu
1372 1031 1742 1086 multitudinis
1773 1045 1911 1086 esset

190 1131 245 1183 in
288 1130 471 1206 fugam
511 1151 731 1201 versus,
773 1152 973 1207 magna
1012 1133 1064 1184 vi
1105 1133 1441 1206 tempestatis
1482 1151 1805 1207 oppreSSUS,
1847 1151 1910 1185 ac

192 1228 434 1283 desertus
468 1250 499 1284 a
534 1231 673 1300 suiS,
708 1250 738 1283 a
776 1229 1081 1283 latronibus
1118 1231 1365 1304 capitur,
1397 1230 1805 1304 perductusque
1844 1229 1912 1284 ad

190 1330 467 1403 Grypum,
503 1328 847 1382 interficitur.
887 1330 1109 1403 Grypus
1148 1349 1347 1403 porro,
1390 1329 1695 1403 reciperato
1733 1329 1912 1404 patrio

190 1447 391 1502 regno,
434 1427 784 1502 externisque
824 1427 1084 1503 periculis
1127 1427 1425 1499 liberatus,
1470 1428 1679 1483 insidiis
1725 1429 1913 1482 matris

191 1526 483 1600 appetitur.
519 1527 657 1597 Quae
692 1547 863 1601 quum
902 1526 1200 1602 cupiditate
1239 1527 1624 1581 dominationis
1645 1570 1659 1595 ,
1693 1526 1912 1601 prodito

192 1625 418 1689 maritO,
451 1626 766 1695 DemetriO,
799 1636 852 1679 et
882 1623 1053 1680 altero
1085 1624 1198 1679 filio
1231 1626 1547 1696 interfecto,
1579 1625 1745 1700 hujus
1779 1646 1914 1699 quo-

194 1744 300 1797 que
324 1724 554 1777 victoria
583 1723 896 1777 inferiorem
927 1723 1249 1798 dignitatem
1277 1744 1429 1777 suam
1455 1724 1653 1777 factam
1679 1722 1913 1790 doleret,

194 1825 429 1878 venienti
470 1826 538 1880 ab
578 1824 964 1878 exercitatione
1004 1823 1265 1899 poculum
1312 1825 1508 1877 veneni
1550 1822 1765 1877 obtulit.
1811 1823 1917 1877 Sed

193 1927 444 2000 Grypu8,
476 1924 748 1999 praedictis
775 1925 890 1998 jam
926 1936 1050 1978 ante
1083 1924 1322 1994 insidiis,
1358 1922 1527 1978 veluti
1559 1925 1760 1998 pietate
1793 1944 1917 1977 cum

196 2037 369 2078 matre
414 2036 682 2093 certaret,
725 2024 909 2078 bibere
950 2025 1124 2099 ipsam
1164 2024 1355 2098 jubet3
1397 2023 1660 2077 abnuenti
1700 2024 1865 2077 instat
1906 2045 1916 2076 ε

196 2135 562 2198 postremum,
605 2122 821 2199 prolato
860 2123 1062 2192 indice,
1099 2143 1216 2177 eam
1260 2124 1469 2198 arguit,
1526 2121 1695 2176 solam
1737 2122 1919 2176 defen-

199 2225 403 2278 sionem
466 2223 680 2278 sceleris
741 2244 1020 2299 superesse
1074 2222 1384 2291 affirmans,
1441 2224 1483 2275 si
1537 2222 1723 2291 bibat,
1773 2221 1921 2296 quod

198 2322 310 2377 filio
360 2323 577 2377 obtulit.
636 2325 724 2378 Sic
782 2325 925 2378 victa
982 2324 1203 2399 regina,
1257 2321 1455 2377 scelere
1508 2323 1562 2375 in
1621 2343 1675 2376 se
1732 2343 1921 2390 verSO,

199 2443 436 2493 venenO,
471 2423 619 2498 quod
652 2422 740 2476 alii
774 2435 1094 2498 paraverat,
1135 2423 1518 2496 exstinguitur.
1553 2424 1715 2475 Parta
1756 2421 1924 2495 igitur

200 2523 354 2598 regni
408 2523 730 2590 securitate,
781 2524 1003 2596 Grypus
1050 2534 1175 2575 octo
1224 2522 1380 2574 annis
1428 2521 1663 2595 quietem
1712 2531 1764 2573 et
1812 2520 1924 2595 ipse

202 2623 417 2691 habuit,
450 2635 503 2676 et
531 2643 701 2697 regno
733 2622 1002 2696 praestitit.
1036 2624 1213 2677 Natus
1247 2621 1442 2675 deinde
1476 2619 1553 2674 illi
1587 2632 1664 2675 est
1698 2619 1925 2675 aemulus

203 2724 381 2798 regni,
409 2723 576 2776 frater
603 2724 769 2797 ipsius
799 2723 1124 2796 Cyzicenus,
1152 2721 1338 2776 eadem
1368 2733 1541 2776 matre
1570 2722 1807 2797 genitus,
1836 2719 1926 2775 sed

205 2844 269 2876 ex
295 2823 567 2878 Antiocho
600 2834 797 2897 patruo
829 2833 1111 2896 susceptus
1144 2843 1153 2874 z
1189 2842 1350 2896 quem
1382 2841 1549 2895 quum
1581 2841 1791 2875 veneno
1822 2819 1927 2876 tol-

206 2920 315 2975 lere
347 2922 634 2991 voluisset,
667 2933 730 2975 ut
759 2922 1025 2974 maturius
1057 2921 1220 2974 armis
1252 2942 1375 2974 cum
1410 2940 1472 2974 eo
1502 2920 1568 2973 de
1599 2941 1770 2994 regno
1802 2940 1929 2973 con-

209 3021 480 3084 tenderet,
515 3022 785 3076 excitavit.

286 3122 385 3173 III.
430 3122 581 3174 Inter
632 3121 728 3174 has
781 3122 935 3196 regni
989 3120 1155 3195 Syriae
1210 3118 1580 3194 parricidiales
1635 3117 1928 3172 discordias

212 3219 446 3272 moritur
476 3240 570 3272 rex
602 3221 817 3296 AEgypti
846 3219 1198 3288 Ptolemaeus,
1236 3239 1405 3294 regno
1438 3218 1655 3293 AEgypti
1690 3217 1845 3271 uxori
1877 3230 1930 3271 et

212 3317 363 3372 alteri
394 3338 456 3370 ex
488 3317 634 3387 filiis,
668 3340 828 3393 quem
860 3318 947 3373 illa
977 3317 1216 3394 legisset,
1245 3318 1460 3387 relicto,
1497 3316 1744 3371 videlicet
1775 3319 1928 3392 quasi
