2315 3868
404 326 490 369 158
751 331 937 374 NOTAE
970 332 1034 374 IN
1067 332 1305 377 JUSTINI
1337 334 1578 379 LIBRUM
1606 334 1768 379 XLIV.

403 434 608 485 Curetes,
641 433 719 490 qui
744 441 850 476 sunt
882 434 930 476 in
966 436 1124 490 Creta,
1151 437 1267 481 nulli
1294 447 1446 482 autem
1478 439 1526 482 in
1551 438 1789 498 Hispania.
1827 439 2018 497 Cynetes
2041 439 2121 482 in-

399 510 614 554 colebant
643 510 783 553 saltus
812 511 1174 568 Tartessiorum,
1198 523 1247 557 ut
1276 514 1339 557 ait
1363 515 1590 571 Justinus,
1615 515 1743 574 quod
1765 523 1810 558 et
1841 515 1996 559 fabula
2019 531 2121 574 myn

398 587 518 631 thica
553 594 598 630 et
633 587 915 646 etymologia
947 604 1021 633 me
1053 589 1238 633 docent.
1291 590 1483 649 Cynetes
1521 592 1666 647 enim,
1706 593 1822 635 sicut
1860 591 2120 649 Cynecicum

397 665 542 719 littus,
577 663 637 707 ad
669 666 912 724 Pyrenaeos
942 675 1152 720 montes,
1185 667 1266 711 ubi
1299 668 1425 712 vicus
1464 669 1610 714 Canet
1640 669 1809 724 dictus,
1840 683 2014 711 nomen
2048 682 2122 711 ac-

397 748 618 799 ceperunt
651 757 677 784 a
723 749 848 799 κύων,
882 750 1012 799 κυνός,
1052 744 1200 798 canis3
1233 753 1278 786 et
1310 745 1369 787 ad
1411 732 1675 790 Tartessum
1717 760 1935 804 mareque
1974 743 2119 788 Gadi-

395 825 578 871 tanum,
616 817 666 860 in
699 817 848 862 insula
880 819 1109 877 Erythea,
1143 821 1355 878 Geryon,
1390 821 1517 880 gigas
1561 823 1797 881 tricorpor
1841 830 1886 865 et
1927 819 2120 878 tricepS,

395 893 467 936 cui
513 902 612 938 erat
648 894 773 938 canis
811 895 1010 938 Orthros
1050 895 1240 954 biceps,
1273 911 1490 955 regnasse
1531 899 1721 953 dicitur,
1754 899 1992 957 bovesque
2025 896 2120 954 ejus

394 970 613 1014 Hercules
645 970 694 1014 in
725 970 950 1014 Graeciam
973 971 1181 1030 abegisse
1212 988 1296 1030 per
1331 973 1550 1027 Galliam,
1582 974 1873 1032 proindeque
1913 989 1998 1032 per
2032 973 2120 1029 Cy-

397 1057 521 1090 netes
555 1056 600 1091 et
632 1048 758 1090 littus
799 1046 1093 1106 Cyneticum5
1131 1049 1314 1107 Geryon
1347 1065 1483 1105 vero,
1519 1065 1664 1109 graece
1699 1059 1906 1113 Γηρυςνεύς
1936 1051 2013 1093 vel
2044 1061 2120 1100 Γη-

395 1130 545 1186 pum-1¹13,
574 1124 846 1167 Triearenus
881 1124 1050 1180 dictus,
1083 1134 1127 1168 et
1157 1125 1282 1182 cujus
1312 1142 1486 1170 nomen
1522 1143 1546 1170 a
1570 1135 1720 1190 γῃρύω,
1748 1127 1941 1185 loquor,
1977 1141 2120 1179 sono,

391 1213 530 1263 γῆρυς,
564 1215 686 1255 vox,
711 1200 971 1244 derivatum
1005 1209 1093 1256 est,
1124 1202 1241 1247 nihil
1271 1203 1397 1246 aliud
1429 1211 1496 1246 est
1533 1219 1670 1261 quam
1705 1205 1919 1246 Latrator
1943 1201 2120 1244 Anubis

395 1292 473 1320 seu
488 1275 746 1320 Mercurius
765 1277 1140 1336 Cynocephalus,
1167 1287 1211 1322 et
1227 1287 1457 1341 τρικέφαλος
1473 1295 1551 1323 seu
1574 1287 1801 1343 τρικάρηνος
1826 1293 2009 1337 quoque
2033 1293 2119 1321 vo—

395 1361 533 1396 catus.
559 1354 662 1396 Imo
698 1354 884 1412 Cynetae
913 1368 993 1397 seu
1026 1353 1210 1413 Cynesii
1233 1355 1479 1398 Herodoto
1512 1364 1556 1398 et
1577 1356 1816 1414 Stephano
1834 1354 1998 1413 populi
2014 1361 2119 1397 sunt

395 1429 603 1471 omnium
656 1428 751 1472 fere
793 1430 988 1487 Europae
1025 1430 1194 1484 ultimi,
1245 1446 1400 1474 versus
1452 1446 1687 1485 occasum,
1734 1445 1845 1489 ergo
1879 1430 1939 1473 ad
1975 1437 2120 1472 metas

396 1505 625 1559 Herculis3
653 1505 995 1563 Cerberusque,
1020 1506 1264 1548 Tartareus
1289 1522 1368 1549 seu
1392 1507 1647 1549 Tartessius
1666 1515 1815 1549 custos
1831 1539 1842 1560 ,
1858 1505 2121 1562 Palaephato

393 1590 459 1624 est
487 1581 615 1623 canis
646 1581 884 1638 Geryonis.
916 1580 1106 1636 Cynetes
1144 1582 1286 1640 igitur
1317 1598 1416 1625 non
1446 1591 1603 1635 erant,
1632 1582 1699 1624 uti
1732 1582 1922 1639 quidam
1946 1581 2121 1635 editor,

393 1656 609 1715 analogia
660 1657 906 1700 nominum
959 1657 1204 1716 deceptus,
1255 1658 1560 1713 existimavit,
1600 1658 1764 1702 incolae
1805 1657 2122 1717 promontorii

397 1735 563 1787 Cunei,
585 1749 663 1778 seu
685 1734 840 1793 potius
864 1735 980 1778 sacri
1004 1736 1347 1794 promontorii:
1372 1737 1548 1780 Cuneus
1566 1735 1691 1780 enim
1704 1735 1978 1790 Lusitaniae,
1995 1751 2121 1778 nunc

392 1813 595 1870 Algarve
617 1810 790 1862 dictus,
818 1810 949 1870 regio
980 1820 1072 1866 est,
1103 1828 1200 1855 non
1233 1812 1633 1871 promontorium,
1668 1821 1712 1855 et
1740 1828 1765 1856 a
1795 1813 1985 1856 saltibus
2003 1813 2121 1856 Tar—

394 1887 639 1930 tessiorum
670 1887 777 1931 satis
810 1887 1009 1931 dissitus.

463 1965 695 2023 Gargoris.
731 1965 956 2020 Joannes,
990 1965 1236 2023 episcopus
1271 1965 1611 2021 Gerundensis,
1642 1967 1803 2008 Faral.
1842 1966 2117 2024 Hispamoe,

394 2041 474 2084 lib.
503 2057 546 2098 1,
584 2041 859 2100 Gorgom'um
902 2049 1064 2097 vocat,
1097 2042 1177 2085 sed
1221 2041 1472 2100 legendum
1515 2042 1707 2085 omnino
1746 2043 1976 2101 Gorgoris.
2021 2041 2123 2084 Hoc

395 2133 569 2161 nomen
603 2117 728 2160 enim
756 2132 781 2161 a
809 2131 958 2176 graeco
986 2126 1180 2181 70P“1²3?2>
1205 2118 1376 2162 canalis
1403 2119 1555 2177 specie
1589 2119 1817 2178 Gorgonae
1840 2118 1912 2161 vel
1937 2133 2124 2176 serpen-

393 2195 450 2237 tis
482 2203 559 2239 aut
595 2194 835 2250 draconis,
866 2209 951 2252 per
997 2211 1134 2253 quem
1183 2211 1300 2254 aqua
1337 2193 1504 2249 effluit,
1540 2195 1677 2238 nobis
1705 2196 1991 2254 gargouz'lle,
2025 2193 2123 2237 ori-

396 2280 488 2326 tur,
523 2280 567 2315 et
598 2286 624 2314 a
657 2279 854 2334 γορ-μύω,
876 2269 1123 2327 horrifico,
1145 2273 1349 2315 velocius
1378 2271 1591 2331 gradior,
1617 2271 1733 2314 sicut
1763 2270 2122 2333 7109-3·‹,3v‚hydra‚

395 2363 568 2390 nomen
615 2347 825 2390 animalis
861 2347 1022 2402 noxii,
1061 2349 1141 2391 sed
1189 2348 1412 2402 fabulosi,
1458 2348 1507 2391 in
1542 2348 1717 2402 Africa3
1750 2354 1901 2410 γοργώ,
1937 2349 2123 2405 Gorgo,

395 2426 589 2482 Gorgon
621 2424 694 2467 vel
733 2425 982 2481 Gorgona,
1017 2424 1221 2468 Medusae
1255 2440 1543 2484 cognomen,
1574 2424 1867 2482 Palladisque
1902 2424 1964 2467 ob
2008 2424 2118 2482 aegi-

396 2501 525 2555 dem3
553 2508 761 2564 Γρργόνες,
788 2502 1058 2558 Gorgones,
1091 2511 1280 2565 Γόργεια,
1324 2515 1535 2561 personae
1582 2517 1681 2560 quae
1715 2500 1950 2559 Gorgonis
1986 2510 2121 2559 caput

398 2577 635 2620 exhibent.
673 2576 761 2619 Hic
802 2575 943 2635 igitur
977 2578 1203 2636 Cynetum
1248 2594 1330 2622 rex
1364 2578 1706 2637 antiquissimus
1751 2577 1867 2620 mihi
1899 2576 2026 2620 idem
2056 2585 2123 2620 est

397 2661 533 2710 atque
571 2655 783 2712 Geryon,
825 2653 1028 2697 Tartessi
1070 2670 1155 2697 rex
1199 2655 1452 2714 tricorpor,
1485 2655 1611 2699 idem
1664 2663 1800 2713 atque
1837 2654 1999 2707 Pluto,
2037 2667 2120 2695 rex

397 2729 601 2784 Tartari,
649 2730 774 2774 idem
820 2740 955 2789 atque
987 2730 1214 2774 Cerberus
1246 2732 1414 2791 triceps
1442 2749 1450 2774 :
1491 2741 1583 2775 tres
1621 2731 1745 2775 enim
1777 2744 1961 2789 quoque
1994 2736 2124 2772 erant

402 2804 648 2863 Gorgones.
684 2807 792 2851 Haec
825 2807 966 2866 igitur
999 2808 1158 2852 omnia
1192 2824 1290 2851 non
1323 2817 1502 2851 tantum
1533 2808 1743 2852 fabulosa
1775 2806 2019 2861 videntur,
2043 2804 2123 2848 sed

399 2894 535 2922 merae
568 2880 734 2925 fabulae
766 2892 873 2926 sunt
904 2883 1115 2943 mythicae
1165 2899 1242 2927 seu
1288 2885 1545 2943 allegoriae,
1585 2901 1706 2943 quae,
1752 2891 2000 2942 postquam
2044 2881 2124 2925 diu

398 2954 691 3001 invaluerunt
709 2992 720 3013 ,
749 2959 979 3017 profactis
1024 2961 1084 3004 ab
1119 2961 1352 3005 historicis
1381 2961 1550 3005 habitae
1583 2968 1688 3003 sunt
1717 2967 1761 3002 et
1791 2959 1988 3002 traditae.

1363 3074 1606 3119 ELIGIUS
1641 3076 1666 3117 J
1669 3074 2023 3120 OHANNEAU.
