<?xml version="1.0" encoding="UTF-8"?>
<!DOCTYPE html PUBLIC "-//W3C//DTD XHTML 1.0 Transitional//EN"
    "http://www.w3.org/TR/xhtml1/DTD/xhtml1-transitional.dtd">
<html xmlns="http://www.w3.org/1999/xhtml" xml:lang="en" lang="en">
 <head>
  <title>
</title>
<meta http-equiv="Content-Type" content="text/html;charset=utf-8" />
  <meta name='ocr-system' content='tesseract 3.04.00' />
  <meta name='ocr-capabilities' content='ocr_page ocr_carea ocr_par ocr_line ocrx_word'/>
</head>
<body>
  <div class='ocr_page' id='page_1' title='image "./historiarumphili00justuoft_0161.png"; bbox 0 0 2315 3868; ppageno 0'>
   <div class='ocr_carea' id='block_1_1' title="bbox 698 268 1814 321">
    <p class='ocr_par' dir='ltr' id='par_1_1' title="bbox 698 268 1814 321">
     <span class='ocr_line' id='line_1_1' title="bbox 698 268 1814 321; baseline -0.004 -7"><span class='ocrx_word' id='word_1_1' title='bbox 698 271 935 315; x_wconf 85' lang='lat' dir='ltr'>LIBRUM</span> <span class='ocrx_word' id='word_1_2' title='bbox 977 272 1203 315; x_wconf 87' lang='lat' dir='ltr'>XXXIX.</span> <span class='ocrx_word' id='word_1_3' title='bbox 1727 284 1743 310; x_wconf 88' lang='lat'><strong>1</strong></span> <span class='ocrx_word' id='word_1_4' title='bbox 1756 274 1779 321; x_wconf 67' lang='lat' dir='ltr'>l,</span> <span class='ocrx_word' id='word_1_5' title='bbox 1790 268 1814 311; x_wconf 79' lang='lat'><strong>5</strong></span> 
     </span>
    </p>
   </div>
   <div class='ocr_carea' id='block_1_2' title="bbox 91 376 1826 1203">
    <p class='ocr_par' dir='ltr' id='par_1_2' title="bbox 91 376 1818 745">
     <span class='ocr_line' id='line_1_2' title="bbox 91 376 1818 444; baseline -0.003 -20"><span class='ocrx_word' id='word_1_6' title='bbox 91 391 255 444; x_wconf 67' lang='grc' dir='ltr'><strong>Νόμιος,</strong></span> <span class='ocrx_word' id='word_1_7' title='bbox 278 378 544 439; x_wconf 73' lang='lat' dir='ltr'>pastoralis,</span> <span class='ocrx_word' id='word_1_8' title='bbox 568 378 692 421; x_wconf 88' lang='lat' dir='ltr'>unde</span> <span class='ocrx_word' id='word_1_9' title='bbox 711 386 753 420; x_wconf 83' lang='lat' dir='ltr'>et</span> <span class='ocrx_word' id='word_1_10' title='bbox 772 379 925 420; x_wconf 86' lang='lat' dir='ltr'>Numa</span> <span class='ocrx_word' id='word_1_11' title='bbox 944 376 1218 433; x_wconf 88' lang='lat' dir='ltr'>Pompilius,</span> <span class='ocrx_word' id='word_1_12' title='bbox 1244 377 1318 433; x_wconf 92' lang='lat' dir='ltr'>qui</span> <span class='ocrx_word' id='word_1_13' title='bbox 1339 376 1462 420; x_wconf 89' lang='lat' dir='ltr'>idem</span> <span class='ocrx_word' id='word_1_14' title='bbox 1488 385 1585 420; x_wconf 86' lang='lat' dir='ltr'>erat</span> <span class='ocrx_word' id='word_1_15' title='bbox 1603 377 1742 420; x_wconf 86' lang='lat' dir='ltr'>etiam</span> <span class='ocrx_word' id='word_1_16' title='bbox 1766 392 1818 419; x_wconf 78' lang='lat' dir='ltr'>ac</span> 
     </span>
     <span class='ocr_line' id='line_1_3' title="bbox 93 451 1817 514; baseline -0.003 -12"><span class='ocrx_word' id='word_1_17' title='bbox 93 458 346 501; x_wconf 84' lang='lat' dir='ltr'>Mercurius</span> <span class='ocrx_word' id='word_1_18' title='bbox 382 456 594 514; x_wconf 80' lang='lat' dir='ltr'>Popilius</span> <span class='ocrx_word' id='word_1_19' title='bbox 626 455 699 496; x_wconf 82' lang='lat' dir='ltr'>vel</span> <span class='ocrx_word' id='word_1_20' title='bbox 722 461 935 514; x_wconf 59' lang='lat' dir='ltr'>Ho&#39;gimmq.</span> <span class='ocrx_word' id='word_1_21' title='bbox 978 451 1095 493; x_wconf 79' lang='lat' dir='ltr'>Vide</span> <span class='ocrx_word' id='word_1_22' title='bbox 1127 466 1286 509; x_wconf 89' lang='lat' dir='ltr'>supra,</span> <span class='ocrx_word' id='word_1_23' title='bbox 1319 467 1488 507; x_wconf 80' lang='lat' dir='ltr'>xxxiv,</span> <span class='ocrx_word' id='word_1_24' title='bbox 1527 453 1566 496; x_wconf 75' lang='lat'>3.</span> <span class='ocrx_word' id='word_1_25' title='bbox 1597 454 1817 496; x_wconf 85' lang='lat' dir='ltr'><em>Romulus</em></span> 
     </span>
     <span class='ocr_line' id='line_1_4' title="bbox 94 527 1818 588; baseline -0.002 -13"><span class='ocrx_word' id='word_1_26' title='bbox 94 549 228 588; x_wconf 72' lang='lat' dir='ltr'>verO,</span> <span class='ocrx_word' id='word_1_27' title='bbox 253 549 279 577; x_wconf 88' lang='lat' dir='ltr'>a</span> <span class='ocrx_word' id='word_1_28' title='bbox 309 535 480 585; x_wconf 82' lang='lat' dir='ltr'>Roma,</span> <span class='ocrx_word' id='word_1_29' title='bbox 512 531 636 574; x_wconf 90' lang='lat' dir='ltr'>idem</span> <span class='ocrx_word' id='word_1_30' title='bbox 660 538 757 572; x_wconf 88' lang='lat' dir='ltr'>erat</span> <span class='ocrx_word' id='word_1_31' title='bbox 781 543 832 570; x_wconf 88' lang='lat' dir='ltr'>ae</span> <span class='ocrx_word' id='word_1_32' title='bbox 865 528 1090 583; x_wconf 88' lang='lat' dir='ltr'>Bacchus,</span> <span class='ocrx_word' id='word_1_33' title='bbox 1115 527 1240 584; x_wconf 89' lang='lat' dir='ltr'>cujus</span> <span class='ocrx_word' id='word_1_34' title='bbox 1274 529 1530 572; x_wconf 89' lang='lat' dir='ltr'>Mercurius</span> <span class='ocrx_word' id='word_1_35' title='bbox 1566 539 1699 588; x_wconf 89' lang='lat' dir='ltr'>pater</span> <span class='ocrx_word' id='word_1_36' title='bbox 1730 546 1818 572; x_wconf 87' lang='lat' dir='ltr'>nu—</span> 
     </span>
     <span class='ocr_line' id='line_1_5' title="bbox 94 605 1815 664; baseline -0.002 -12"><span class='ocrx_word' id='word_1_37' title='bbox 94 611 243 654; x_wconf 81' lang='lat' dir='ltr'>tritius</span> <span class='ocrx_word' id='word_1_38' title='bbox 267 610 374 664; x_wconf 88' lang='lat' dir='ltr'>fuit,</span> <span class='ocrx_word' id='word_1_39' title='bbox 403 610 517 652; x_wconf 89' lang='lat' dir='ltr'>sicut</span> <span class='ocrx_word' id='word_1_40' title='bbox 543 607 784 651; x_wconf 87' lang='lat' dir='ltr'>Faustulus</span> <span class='ocrx_word' id='word_1_41' title='bbox 814 605 1004 648; x_wconf 82' lang='lat' dir='ltr'>Romuli</span> <span class='ocrx_word' id='word_1_42' title='bbox 1029 613 1074 648; x_wconf 86' lang='lat' dir='ltr'>et</span> <span class='ocrx_word' id='word_1_43' title='bbox 1097 605 1260 659; x_wconf 74' lang='lat' dir='ltr'>Remi,</span> <span class='ocrx_word' id='word_1_44' title='bbox 1295 614 1339 648; x_wconf 87' lang='lat' dir='ltr'>et</span> <span class='ocrx_word' id='word_1_45' title='bbox 1364 607 1512 648; x_wconf 86' lang='lat' dir='ltr'>Roma</span> <span class='ocrx_word' id='word_1_46' title='bbox 1543 622 1629 664; x_wconf 92' lang='lat' dir='ltr'>pro</span> <span class='ocrx_word' id='word_1_47' title='bbox 1661 623 1815 659; x_wconf 87' lang='lat' dir='ltr'>ruma,</span> 
     </span>
     <span class='ocr_line' id='line_1_6' title="bbox 95 682 1718 745; baseline -0.003 -15"><span class='ocrx_word' id='word_1_48' title='bbox 95 686 257 730; x_wconf 89' lang='lat' dir='ltr'>eadem</span> <span class='ocrx_word' id='word_1_49' title='bbox 283 702 380 745; x_wconf 86' lang='lat' dir='ltr'>quae</span> <span class='ocrx_word' id='word_1_50' title='bbox 414 686 535 743; x_wconf 90' lang='lat' dir='ltr'>lupa,</span> <span class='ocrx_word' id='word_1_51' title='bbox 559 682 748 726; x_wconf 85' lang='lat' dir='ltr'>Romuli</span> <span class='ocrx_word' id='word_1_52' title='bbox 772 690 815 725; x_wconf 88' lang='lat' dir='ltr'>et</span> <span class='ocrx_word' id='word_1_53' title='bbox 842 682 977 725; x_wconf 85' lang='lat' dir='ltr'>Remi</span> <span class='ocrx_word' id='word_1_54' title='bbox 1001 682 1184 725; x_wconf 87' lang='lat' dir='ltr'>nutrix:</span> <span class='ocrx_word' id='word_1_55' title='bbox 1211 682 1319 726; x_wconf 91' lang='lat' dir='ltr'>inde</span> <span class='ocrx_word' id='word_1_56' title='bbox 1352 697 1440 741; x_wconf 90' lang='lat' dir='ltr'>pro</span> <span class='ocrx_word' id='word_1_57' title='bbox 1469 683 1555 725; x_wconf 86' lang='lat' dir='ltr'>dea</span> <span class='ocrx_word' id='word_1_58' title='bbox 1586 684 1718 726; x_wconf 89' lang='lat' dir='ltr'>culta.</span> 
     </span>
    </p>

    <p class='ocr_par' dir='ltr' id='par_1_3' title="bbox 94 758 1820 970">
     <span class='ocr_line' id='line_1_7' title="bbox 160 758 1820 821; baseline -0.003 -15"><span class='ocrx_word' id='word_1_59' title='bbox 160 763 441 821; x_wconf 81' lang='lat' dir='ltr'>Haruspices</span> <span class='ocrx_word' id='word_1_60' title='bbox 479 760 765 803; x_wconf 81' lang='lat' dir='ltr'>Sabinorum.</span> <span class='ocrx_word' id='word_1_61' title='bbox 803 758 963 812; x_wconf 84' lang='lat' dir='ltr'>Qualis</span> <span class='ocrx_word' id='word_1_62' title='bbox 998 759 1153 802; x_wconf 88' lang='lat' dir='ltr'>Numa</span> <span class='ocrx_word' id='word_1_63' title='bbox 1188 758 1465 817; x_wconf 87' lang='lat' dir='ltr'>Pompilius,</span> <span class='ocrx_word' id='word_1_64' title='bbox 1493 759 1685 802; x_wconf 88' lang='lat' dir='ltr'>Romuli</span> <span class='ocrx_word' id='word_1_65' title='bbox 1717 774 1820 802; x_wconf 86' lang='lat' dir='ltr'>suc-</span> 
     </span>
     <span class='ocr_line' id='line_1_8' title="bbox 95 834 1817 896; baseline -0.004 -13"><span class='ocrx_word' id='word_1_66' title='bbox 95 855 273 892; x_wconf 83' lang='lat' dir='ltr'>cessor,</span> <span class='ocrx_word' id='word_1_67' title='bbox 299 838 397 896; x_wconf 88' lang='lat' dir='ltr'>qui,</span> <span class='ocrx_word' id='word_1_68' title='bbox 421 845 472 879; x_wconf 88' lang='lat' dir='ltr'>ut</span> <span class='ocrx_word' id='word_1_69' title='bbox 504 836 660 879; x_wconf 90' lang='lat' dir='ltr'>Livius</span> <span class='ocrx_word' id='word_1_70' title='bbox 692 836 780 890; x_wconf 87' lang='lat' dir='ltr'>ait,</span> <span class='ocrx_word' id='word_1_71' title='bbox 812 851 974 891; x_wconf 80' lang='lat' dir='ltr'>xv111,</span> <span class='ocrx_word' id='word_1_72' title='bbox 1017 851 1032 877; x_wconf 94' lang='lat'>1</span> <span class='ocrx_word' id='word_1_73' title='bbox 1053 869 1064 889; x_wconf 99' lang='lat'>,</span> <span class='ocrx_word' id='word_1_74' title='bbox 1107 835 1295 879; x_wconf 85' lang='lat' dir='ltr'>Curibus</span> <span class='ocrx_word' id='word_1_75' title='bbox 1324 835 1510 878; x_wconf 74' lang='lat' dir='ltr'>Sabinis</span> <span class='ocrx_word' id='word_1_76' title='bbox 1541 834 1817 888; x_wconf 80' lang='lat' dir='ltr'><em>habitabat,</em></span> 
     </span>
     <span class='ocr_line' id='line_1_9' title="bbox 94 909 1462 970; baseline -0.002 -12"><span class='ocrx_word' id='word_1_77' title='bbox 94 915 455 958; x_wconf 69' lang='lat' dir='ltr'>consultissimus</span> <span class='ocrx_word' id='word_1_78' title='bbox 488 913 565 955; x_wconf 78' lang='lat' dir='ltr'>vir</span> <span class='ocrx_word' id='word_1_79' title='bbox 592 913 740 955; x_wconf 75' lang='lat' dir='ltr'>omnis</span> <span class='ocrx_word' id='word_1_80' title='bbox 772 913 913 954; x_wconf 74' lang='lat' dir='ltr'>divini</span> <span class='ocrx_word' id='word_1_81' title='bbox 944 922 1080 970; x_wconf 81' lang='lat' dir='ltr'>atque</span> <span class='ocrx_word' id='word_1_82' title='bbox 1111 912 1312 955; x_wconf 72' lang='lat' dir='ltr'>humani</span> <span class='ocrx_word' id='word_1_83' title='bbox 1326 909 1462 965; x_wconf 78' lang='lat' dir='ltr'>juris.</span> 
     </span>
    </p>

    <p class='ocr_par' dir='ltr' id='par_1_4' title="bbox 96 989 1826 1203">
     <span class='ocr_line' id='line_1_10' title="bbox 161 989 1822 1049; baseline -0.003 -13"><span class='ocrx_word' id='word_1_84' title='bbox 161 994 366 1036; x_wconf 74' lang='lat' dir='ltr'>Exsules</span> <span class='ocrx_word' id='word_1_85' title='bbox 387 990 734 1035; x_wconf 76' lang='lat' dir='ltr'>Corinthiorum.</span> <span class='ocrx_word' id='word_1_86' title='bbox 754 989 912 1044; x_wconf 87' lang='lat' dir='ltr'>Qualis</span> <span class='ocrx_word' id='word_1_87' title='bbox 929 990 1207 1049; x_wconf 79' lang='lat' dir='ltr'>Tarquinius</span> <span class='ocrx_word' id='word_1_88' title='bbox 1220 989 1400 1033; x_wconf 88' lang='lat' dir='ltr'>Priscus</span> <span class='ocrx_word' id='word_1_89' title='bbox 1414 1023 1425 1044; x_wconf 95' lang='lat'>,</span> <span class='ocrx_word' id='word_1_90' title='bbox 1444 989 1628 1048; x_wconf 88' lang='lat' dir='ltr'>quintus</span> <span class='ocrx_word' id='word_1_91' title='bbox 1646 990 1822 1032; x_wconf 87' lang='lat' dir='ltr'>Roma—</span> 
     </span>
     <span class='ocr_line' id='line_1_11' title="bbox 96 1063 1823 1128; baseline -0.003 -16"><span class='ocrx_word' id='word_1_92' title='bbox 96 1085 262 1112; x_wconf 81' lang='lat' dir='ltr'>norum</span> <span class='ocrx_word' id='word_1_93' title='bbox 281 1084 386 1122; x_wconf 85' lang='lat' dir='ltr'>rex,</span> <span class='ocrx_word' id='word_1_94' title='bbox 421 1066 541 1109; x_wconf 85' lang='lat' dir='ltr'>filius</span> <span class='ocrx_word' id='word_1_95' title='bbox 570 1066 807 1109; x_wconf 82' lang='lat' dir='ltr'>Demarati</span> <span class='ocrx_word' id='word_1_96' title='bbox 826 1063 867 1126; x_wconf 79' lang='lat' dir='ltr'>(a</span> <span class='ocrx_word' id='word_1_97' title='bbox 892 1069 1144 1128; x_wconf 67' lang='grc' dir='ltr'>ὃημάρατος,</span> <span class='ocrx_word' id='word_1_98' title='bbox 1161 1065 1325 1125; x_wconf 88' lang='lat' dir='ltr'>populi</span> <span class='ocrx_word' id='word_1_99' title='bbox 1353 1065 1472 1109; x_wconf 92' lang='lat' dir='ltr'>votis</span> <span class='ocrx_word' id='word_1_100' title='bbox 1500 1065 1752 1124; x_wconf 78' lang='lat' dir='ltr'>expetitus,</span> <span class='ocrx_word' id='word_1_101' title='bbox 1775 1064 1823 1107; x_wconf 89' lang='lat' dir='ltr'>id</span> 
     </span>
     <span class='ocr_line' id='line_1_12' title="bbox 97 1140 1826 1203; baseline -0.003 -13"><span class='ocrx_word' id='word_1_102' title='bbox 97 1155 165 1190; x_wconf 79' lang='lat' dir='ltr'>est</span> <span class='ocrx_word' id='word_1_103' title='bbox 188 1146 412 1199; x_wconf 84' lang='lat' dir='ltr'>Bacchus,</span> <span class='ocrx_word' id='word_1_104' title='bbox 440 1145 513 1187; x_wconf 89' lang='lat' dir='ltr'>vel</span> <span class='ocrx_word' id='word_1_105' title='bbox 540 1144 609 1187; x_wconf 83' lang='lat' dir='ltr'>sol</span> <span class='ocrx_word' id='word_1_106' title='bbox 628 1141 923 1203; x_wconf 83' lang='lat' dir='ltr'>ascendens),</span> <span class='ocrx_word' id='word_1_107' title='bbox 948 1143 1025 1200; x_wconf 88' lang='lat' dir='ltr'>qui</span> <span class='ocrx_word' id='word_1_108' title='bbox 1050 1158 1074 1186; x_wconf 90' lang='lat' dir='ltr'>e</span> <span class='ocrx_word' id='word_1_109' title='bbox 1098 1151 1234 1201; x_wconf 85' lang='lat' dir='ltr'>gente</span> <span class='ocrx_word' id='word_1_110' title='bbox 1259 1142 1638 1185; x_wconf 77' lang='lat' dir='ltr'>Bacchiadarum</span> <span class='ocrx_word' id='word_1_111' title='bbox 1660 1140 1826 1185; x_wconf 90' lang='lat' dir='ltr'>Corin-</span> 
     </span>
    </p>
   </div>
   <div class='ocr_carea' id='block_1_3' title="bbox 99 1218 1828 1353">
    <p class='ocr_par' dir='ltr' id='par_1_5' title="bbox 99 1218 1828 1353">
     <span class='ocr_line' id='line_1_13' title="bbox 99 1218 1825 1280; baseline -0.002 -15"><span class='ocrx_word' id='word_1_112' title='bbox 99 1224 179 1265; x_wconf 86' lang='lat' dir='ltr'>tho</span> <span class='ocrx_word' id='word_1_113' title='bbox 214 1221 460 1280; x_wconf 80' lang='lat' dir='ltr'>profugus,</span> <span class='ocrx_word' id='word_1_114' title='bbox 498 1219 785 1277; x_wconf 85' lang='lat' dir='ltr'>Tarquiniis,</span> <span class='ocrx_word' id='word_1_115' title='bbox 831 1219 1023 1262; x_wconf 72' lang='lat' dir='ltr'>Etruriae</span> <span class='ocrx_word' id='word_1_116' title='bbox 1070 1218 1271 1276; x_wconf 87' lang='lat' dir='ltr'>oppido,</span> <span class='ocrx_word' id='word_1_117' title='bbox 1305 1219 1598 1273; x_wconf 85' lang='lat' dir='ltr'>consederat,</span> <span class='ocrx_word' id='word_1_118' title='bbox 1640 1227 1684 1262; x_wconf 87' lang='lat' dir='ltr'>et</span> <span class='ocrx_word' id='word_1_119' title='bbox 1716 1218 1825 1262; x_wconf 89' lang='lat' dir='ltr'>inde</span> 
     </span>
     <span class='ocr_line' id='line_1_14' title="bbox 99 1294 1828 1353; baseline -0.003 -12"><span class='ocrx_word' id='word_1_120' title='bbox 99 1299 298 1341; x_wconf 82' lang='lat' dir='ltr'>Romam</span> <span class='ocrx_word' id='word_1_121' title='bbox 322 1296 682 1353; x_wconf 82' lang='lat' dir='ltr'>demigraverat,</span> <span class='ocrx_word' id='word_1_122' title='bbox 710 1309 766 1337; x_wconf 86' lang='lat' dir='ltr'>ex</span> <span class='ocrx_word' id='word_1_123' title='bbox 796 1294 951 1336; x_wconf 87' lang='lat' dir='ltr'>fabula</span> <span class='ocrx_word' id='word_1_124' title='bbox 979 1294 1203 1348; x_wconf 88' lang='lat' dir='ltr'>Liviana,</span> <span class='ocrx_word' id='word_1_125' title='bbox 1221 1309 1262 1348; x_wconf 95' lang='lat'>1,</span> <span class='ocrx_word' id='word_1_126' title='bbox 1295 1294 1351 1345; x_wconf 76' lang='lat'>34</span> <span class='ocrx_word' id='word_1_127' title='bbox 1371 1327 1383 1348; x_wconf 87' lang='lat'>,</span> <span class='ocrx_word' id='word_1_128' title='bbox 1408 1310 1486 1337; x_wconf 89' lang='lat' dir='ltr'>seu</span> <span class='ocrx_word' id='word_1_129' title='bbox 1509 1294 1712 1352; x_wconf 85' lang='lat' dir='ltr'>mythica</span> <span class='ocrx_word' id='word_1_130' title='bbox 1734 1303 1828 1336; x_wconf 82' lang='lat' dir='ltr'>tra-</span> 
     </span>
    </p>
   </div>
   <div class='ocr_carea' id='block_1_4' title="bbox 97 1368 1843 2810">
    <p class='ocr_par' dir='ltr' id='par_1_6' title="bbox 97 1368 1829 1509">
     <span class='ocr_line' id='line_1_15' title="bbox 99 1368 1829 1428; baseline -0.002 -12"><span class='ocrx_word' id='word_1_131' title='bbox 99 1375 278 1416; x_wconf 79' lang='lat' dir='ltr'>ditione</span> <span class='ocrx_word' id='word_1_132' title='bbox 313 1374 661 1424; x_wconf 85' lang='lat' dir='ltr'>Romanorum,</span> <span class='ocrx_word' id='word_1_133' title='bbox 704 1369 785 1428; x_wconf 89' lang='lat' dir='ltr'>qui</span> <span class='ocrx_word' id='word_1_134' title='bbox 826 1385 913 1428; x_wconf 92' lang='lat' dir='ltr'>pro</span> <span class='ocrx_word' id='word_1_135' title='bbox 948 1368 1136 1428; x_wconf 87' lang='lat' dir='ltr'>regibus</span> <span class='ocrx_word' id='word_1_136' title='bbox 1174 1385 1279 1413; x_wconf 90' lang='lat' dir='ltr'>suos</span> <span class='ocrx_word' id='word_1_137' title='bbox 1321 1369 1433 1413; x_wconf 92' lang='lat' dir='ltr'>deos</span> <span class='ocrx_word' id='word_1_138' title='bbox 1466 1370 1751 1424; x_wconf 85' lang='lat' dir='ltr'>habuerunt,</span> <span class='ocrx_word' id='word_1_139' title='bbox 1781 1377 1829 1413; x_wconf 89' lang='lat' dir='ltr'>ut</span> 
     </span>
     <span class='ocr_line' id='line_1_16' title="bbox 97 1446 1015 1509; baseline -0.004 -16"><span class='ocrx_word' id='word_1_140' title='bbox 97 1449 303 1509; x_wconf 78' lang='lat' dir='ltr'>AEgyptii</span> <span class='ocrx_word' id='word_1_141' title='bbox 335 1463 589 1506; x_wconf 90' lang='lat' dir='ltr'>omnesque</span> <span class='ocrx_word' id='word_1_142' title='bbox 624 1446 788 1505; x_wconf 90' lang='lat' dir='ltr'>populi</span> <span class='ocrx_word' id='word_1_143' title='bbox 822 1455 1015 1490; x_wconf 88' lang='lat' dir='ltr'>veteres.</span> 
     </span>
    </p>

    <p class='ocr_par' dir='ltr' id='par_1_7' title="bbox 102 1523 1830 1809">
     <span class='ocr_line' id='line_1_17' title="bbox 166 1523 1830 1582; baseline -0.002 -13"><span class='ocrx_word' id='word_1_144' title='bbox 166 1526 322 1569; x_wconf 73' lang='lat' dir='ltr'>Servos</span> <span class='ocrx_word' id='word_1_145' title='bbox 358 1539 620 1582; x_wconf 80' lang='lat' dir='ltr'>vernasque</span> <span class='ocrx_word' id='word_1_146' title='bbox 670 1523 966 1566; x_wconf 79' lang='lat' dir='ltr'>Thuscorum.</span> <span class='ocrx_word' id='word_1_147' title='bbox 1018 1523 1177 1577; x_wconf 86' lang='lat' dir='ltr'>Qualis</span> <span class='ocrx_word' id='word_1_148' title='bbox 1221 1523 1407 1567; x_wconf 89' lang='lat' dir='ltr'>Servius</span> <span class='ocrx_word' id='word_1_149' title='bbox 1452 1523 1653 1576; x_wconf 88' lang='lat' dir='ltr'>Tullius,</span> <span class='ocrx_word' id='word_1_150' title='bbox 1693 1538 1830 1581; x_wconf 87' lang='lat' dir='ltr'>quem</span> 
     </span>
     <span class='ocr_line' id='line_1_18' title="bbox 102 1599 1830 1658; baseline -0.002 -13"><span class='ocrx_word' id='word_1_151' title='bbox 102 1618 233 1646; x_wconf 84' lang='lat' dir='ltr'>serva</span> <span class='ocrx_word' id='word_1_152' title='bbox 277 1610 435 1644; x_wconf 85' lang='lat' dir='ltr'>natum</span> <span class='ocrx_word' id='word_1_153' title='bbox 480 1599 740 1657; x_wconf 81' lang='lat' dir='ltr'>Tanaquil,</span> <span class='ocrx_word' id='word_1_154' title='bbox 774 1599 1016 1657; x_wconf 87' lang='lat' dir='ltr'>Tarquinii</span> <span class='ocrx_word' id='word_1_155' title='bbox 1054 1615 1193 1654; x_wconf 84' lang='lat' dir='ltr'>uxor,</span> <span class='ocrx_word' id='word_1_156' title='bbox 1235 1599 1455 1658; x_wconf 87' lang='lat' dir='ltr'>prodigio</span> <span class='ocrx_word' id='word_1_157' title='bbox 1492 1600 1751 1655; x_wconf 87' lang='lat' dir='ltr'>admonita,</span> <span class='ocrx_word' id='word_1_158' title='bbox 1781 1599 1830 1642; x_wconf 90' lang='lat' dir='ltr'>in</span> 
     </span>
     <span class='ocr_line' id='line_1_19' title="bbox 102 1674 1830 1737; baseline -0.002 -15"><span class='ocrx_word' id='word_1_159' title='bbox 102 1677 237 1737; x_wconf 83' lang='lat' dir='ltr'>regni</span> <span class='ocrx_word' id='word_1_160' title='bbox 264 1676 602 1721; x_wconf 79' lang='lat' dir='ltr'>successionem</span> <span class='ocrx_word' id='word_1_161' title='bbox 638 1675 880 1730; x_wconf 87' lang='lat' dir='ltr'>educavit,</span> <span class='ocrx_word' id='word_1_162' title='bbox 911 1675 1048 1718; x_wconf 91' lang='lat' dir='ltr'>Livio</span> <span class='ocrx_word' id='word_1_163' title='bbox 1083 1684 1226 1730; x_wconf 85' lang='lat' dir='ltr'>teste,</span> <span class='ocrx_word' id='word_1_164' title='bbox 1260 1676 1386 1718; x_wconf 83' lang='lat' dir='ltr'>bona</span> <span class='ocrx_word' id='word_1_165' title='bbox 1411 1674 1505 1719; x_wconf 89' lang='lat' dir='ltr'>fide</span> <span class='ocrx_word' id='word_1_166' title='bbox 1536 1677 1713 1720; x_wconf 83' lang='lat' dir='ltr'>fabulas</span> <span class='ocrx_word' id='word_1_167' title='bbox 1742 1691 1830 1734; x_wconf 88' lang='lat' dir='ltr'>pro</span> 
     </span>
     <span class='ocr_line' id='line_1_20' title="bbox 103 1750 766 1809; baseline -0.006 -12"><span class='ocrx_word' id='word_1_168' title='bbox 103 1753 311 1797; x_wconf 89' lang='lat' dir='ltr'>historiis</span> <span class='ocrx_word' id='word_1_169' title='bbox 344 1760 589 1805; x_wconf 87' lang='lat' dir='ltr'>narrante,</span> <span class='ocrx_word' id='word_1_170' title='bbox 618 1767 661 1803; x_wconf 86' lang='lat'>1,</span> <span class='ocrx_word' id='word_1_171' title='bbox 691 1750 766 1809; x_wconf 80' lang='lat'>39.</span> 
     </span>
    </p>

    <p class='ocr_par' dir='ltr' id='par_1_8' title="bbox 109 1827 1833 1964">
     <span class='ocr_line' id='line_1_21' title="bbox 172 1827 1833 1887; baseline -0.001 -15"><span class='ocrx_word' id='word_1_172' title='bbox 172 1833 305 1873; x_wconf 79' lang='lat' dir='ltr'>Inter</span> <span class='ocrx_word' id='word_1_173' title='bbox 333 1829 450 1871; x_wconf 78' lang='lat' dir='ltr'>hoec.</span> <span class='ocrx_word' id='word_1_174' title='bbox 485 1827 714 1881; x_wconf 88' lang='lat' dir='ltr'>Nomina,</span> <span class='ocrx_word' id='word_1_175' title='bbox 747 1836 821 1869; x_wconf 84' lang='lat' dir='ltr'>aut</span> <span class='ocrx_word' id='word_1_176' title='bbox 854 1827 937 1870; x_wconf 77' lang='lat' dir='ltr'>hos</span> <span class='ocrx_word' id='word_1_177' title='bbox 954 1861 968 1880; x_wconf 84' lang='grc'>,</span> <span class='ocrx_word' id='word_1_178' title='bbox 997 1843 1152 1887; x_wconf 80' lang='lat' dir='ltr'>regeS,</span> <span class='ocrx_word' id='word_1_179' title='bbox 1178 1845 1282 1872; x_wconf 90' lang='lat' dir='ltr'>cum</span> <span class='ocrx_word' id='word_1_180' title='bbox 1313 1831 1455 1885; x_wconf 88' lang='lat' dir='ltr'>Ven.,</span> <span class='ocrx_word' id='word_1_181' title='bbox 1481 1832 1604 1872; x_wconf 88' lang='lat' dir='ltr'>Junt.</span> <span class='ocrx_word' id='word_1_182' title='bbox 1625 1863 1636 1884; x_wconf 89' lang='lat'>,</span> <span class='ocrx_word' id='word_1_183' title='bbox 1664 1828 1803 1872; x_wconf 84' lang='lat' dir='ltr'>Paris.</span> <span class='ocrx_word' id='word_1_184' title='bbox 1821 1862 1833 1881; x_wconf 93' lang='lat'>,</span> 
     </span>
     <span class='ocr_line' id='line_1_22' title="bbox 109 1908 416 1964; baseline -0.01 -12"><span class='ocrx_word' id='word_1_185' title='bbox 109 1909 208 1952; x_wconf 89' lang='lat' dir='ltr'>Col.</span> <span class='ocrx_word' id='word_1_186' title='bbox 226 1941 238 1961; x_wconf 88' lang='lat'>,</span> <span class='ocrx_word' id='word_1_187' title='bbox 269 1908 416 1964; x_wconf 85' lang='lat' dir='ltr'>Bong.</span> 
     </span>
    </p>

    <p class='ocr_par' dir='ltr' id='par_1_9' title="bbox 114 1982 1835 2107">
     <span class='ocr_line' id='line_1_23' title="bbox 178 1982 1835 2044; baseline -0.001 -18"><span class='ocrx_word' id='word_1_188' title='bbox 178 1985 420 2044; x_wconf 80' lang='lat' dir='ltr'>Superbos.</span> <span class='ocrx_word' id='word_1_189' title='bbox 447 1984 606 2039; x_wconf 80' lang='lat' dir='ltr'>Qualis</span> <span class='ocrx_word' id='word_1_190' title='bbox 635 1983 722 2026; x_wconf 84' lang='lat' dir='ltr'>fuit</span> <span class='ocrx_word' id='word_1_191' title='bbox 745 1982 1027 2040; x_wconf 83' lang='lat' dir='ltr'>Tarquinius</span> <span class='ocrx_word' id='word_1_192' title='bbox 1056 1984 1306 2041; x_wconf 71' lang='lat' dir='ltr'>Superbus,</span> <span class='ocrx_word' id='word_1_193' title='bbox 1333 1984 1554 2042; x_wconf 84' lang='lat' dir='ltr'>septimus</span> <span class='ocrx_word' id='word_1_194' title='bbox 1578 1993 1622 2027; x_wconf 86' lang='lat' dir='ltr'>et</span> <span class='ocrx_word' id='word_1_195' title='bbox 1650 1982 1835 2026; x_wconf 84' lang='lat' dir='ltr'>ultimus</span> 
     </span>
     <span class='ocr_line' id='line_1_24' title="bbox 114 2063 569 2107; baseline -0.007 -1"><span class='ocrx_word' id='word_1_196' title='bbox 114 2079 198 2107; x_wconf 84' lang='lat' dir='ltr'>rex</span> <span class='ocrx_word' id='word_1_197' title='bbox 232 2063 569 2106; x_wconf 88' lang='lat' dir='ltr'>Romanorum.</span> 
     </span>
    </p>

    <p class='ocr_par' dir='ltr' id='par_1_10' title="bbox 115 2136 1841 2656">
     <span class='ocr_line' id='line_1_25' title="bbox 183 2136 1837 2198; baseline -0.002 -16"><span class='ocrx_word' id='word_1_198' title='bbox 183 2139 457 2183; x_wconf 72' lang='lat' dir='ltr'>conditores.</span> <span class='ocrx_word' id='word_1_199' title='bbox 490 2138 743 2181; x_wconf 91' lang='lat' dir='ltr'>Romulum</span> <span class='ocrx_word' id='word_1_200' title='bbox 777 2146 821 2180; x_wconf 87' lang='lat' dir='ltr'>et</span> <span class='ocrx_word' id='word_1_201' title='bbox 855 2138 1073 2191; x_wconf 87' lang='lat' dir='ltr'>Remum,</span> <span class='ocrx_word' id='word_1_202' title='bbox 1107 2138 1154 2179; x_wconf 90' lang='lat' dir='ltr'>in</span> <span class='ocrx_word' id='word_1_203' title='bbox 1186 2138 1437 2198; x_wconf 76' lang='lat' dir='ltr'>Lupercali</span> <span class='ocrx_word' id='word_1_204' title='bbox 1456 2136 1678 2181; x_wconf 89' lang='lat' dir='ltr'>uberibus</span> <span class='ocrx_word' id='word_1_205' title='bbox 1709 2138 1837 2196; x_wconf 83' lang='lat' dir='ltr'>lupoe</span> 
     </span>
     <span class='ocr_line' id='line_1_26' title="bbox 115 2212 1837 2273; baseline -0.002 -15"><span class='ocrx_word' id='word_1_206' title='bbox 115 2216 259 2272; x_wconf 83' lang='lat' dir='ltr'>altos,</span> <span class='ocrx_word' id='word_1_207' title='bbox 294 2215 605 2273; x_wconf 85' lang='lat' dir='ltr'>deincepsque</span> <span class='ocrx_word' id='word_1_208' title='bbox 630 2229 656 2257; x_wconf 90' lang='lat' dir='ltr'>a</span> <span class='ocrx_word' id='word_1_209' title='bbox 687 2215 907 2273; x_wconf 80' lang='lat' dir='ltr'>Lupercis</span> <span class='ocrx_word' id='word_1_210' title='bbox 933 2215 1250 2257; x_wconf 86' lang='lat' dir='ltr'>sacerdotibus</span> <span class='ocrx_word' id='word_1_211' title='bbox 1284 2216 1446 2259; x_wconf 90' lang='lat' dir='ltr'>cultos.</span> <span class='ocrx_word' id='word_1_212' title='bbox 1482 2215 1603 2258; x_wconf 88' lang='lat' dir='ltr'>Hinc</span> <span class='ocrx_word' id='word_1_213' title='bbox 1637 2212 1837 2256; x_wconf 91' lang='lat' dir='ltr'>Romani</span> 
     </span>
     <span class='ocr_line' id='line_1_27' title="bbox 115 2290 1838 2351; baseline -0.002 -18"><span class='ocrx_word' id='word_1_214' title='bbox 115 2292 239 2351; x_wconf 75' lang='lat' dir='ltr'>Lupi</span> <span class='ocrx_word' id='word_1_215' title='bbox 268 2291 481 2334; x_wconf 89' lang='lat' dir='ltr'>convicio</span> <span class='ocrx_word' id='word_1_216' title='bbox 516 2290 627 2334; x_wconf 91' lang='lat' dir='ltr'>dicti</span> <span class='ocrx_word' id='word_1_217' title='bbox 661 2291 720 2333; x_wconf 85' lang='lat' dir='ltr'>ab</span> <span class='ocrx_word' id='word_1_218' title='bbox 743 2290 981 2346; x_wconf 89' lang='lat' dir='ltr'>hostibus;</span> <span class='ocrx_word' id='word_1_219' title='bbox 1013 2300 1060 2334; x_wconf 91' lang='lat' dir='ltr'>ut</span> <span class='ocrx_word' id='word_1_220' title='bbox 1096 2306 1121 2334; x_wconf 88' lang='lat' dir='ltr'>a</span> <span class='ocrx_word' id='word_1_221' title='bbox 1148 2292 1329 2335; x_wconf 88' lang='lat' dir='ltr'>Volscis</span> <span class='ocrx_word' id='word_1_222' title='bbox 1359 2291 1613 2350; x_wconf 87' lang='lat' dir='ltr'>AEquisque</span> <span class='ocrx_word' id='word_1_223' title='bbox 1644 2290 1838 2333; x_wconf 85' lang='lat' dir='ltr'>ducibus</span> 
     </span>
     <span class='ocr_line' id='line_1_28' title="bbox 118 2367 1841 2427; baseline -0.001 -16"><span class='ocrx_word' id='word_1_224' title='bbox 118 2368 243 2426; x_wconf 88' lang='lat' dir='ltr'>apud</span> <span class='ocrx_word' id='word_1_225' title='bbox 264 2368 471 2423; x_wconf 88' lang='lat' dir='ltr'>Livium,</span> <span class='ocrx_word' id='word_1_226' title='bbox 499 2383 593 2422; x_wconf 93' lang='lat'>111,</span> <span class='ocrx_word' id='word_1_227' title='bbox 611 2367 671 2411; x_wconf 88' lang='grc'>66</span> <span class='ocrx_word' id='word_1_228' title='bbox 689 2402 701 2423; x_wconf 88' lang='grc'>,</span> <span class='ocrx_word' id='word_1_229' title='bbox 725 2384 748 2410; x_wconf 86' lang='lat' dir='ltr'>a</span> <span class='ocrx_word' id='word_1_230' title='bbox 773 2368 991 2412; x_wconf 86' lang='lat' dir='ltr'>Telesino</span> <span class='ocrx_word' id='word_1_231' title='bbox 1017 2369 1274 2412; x_wconf 84' lang='lat' dir='ltr'>Samnitum</span> <span class='ocrx_word' id='word_1_232' title='bbox 1300 2370 1416 2413; x_wconf 86' lang='lat' dir='ltr'>duce</span> <span class='ocrx_word' id='word_1_233' title='bbox 1442 2369 1566 2427; x_wconf 86' lang='lat' dir='ltr'>apud</span> <span class='ocrx_word' id='word_1_234' title='bbox 1589 2367 1812 2412; x_wconf 90' lang='lat' dir='ltr'>Velleium</span> <span class='ocrx_word' id='word_1_235' title='bbox 1829 2400 1841 2421; x_wconf 86' lang='lat'>,</span> 
     </span>
     <span class='ocr_line' id='line_1_29' title="bbox 116 2443 1840 2505; baseline -0.001 -18"><span class='ocrx_word' id='word_1_236' title='bbox 116 2462 182 2499; x_wconf 89' lang='lat'>11,</span> <span class='ocrx_word' id='word_1_237' title='bbox 213 2461 300 2500; x_wconf 80' lang='lat'>273</span> <span class='ocrx_word' id='word_1_238' title='bbox 327 2445 437 2488; x_wconf 90' lang='lat' dir='ltr'>hinc</span> <span class='ocrx_word' id='word_1_239' title='bbox 465 2445 514 2488; x_wconf 91' lang='lat' dir='ltr'>in</span> <span class='ocrx_word' id='word_1_240' title='bbox 536 2444 694 2488; x_wconf 89' lang='lat' dir='ltr'>medio</span> <span class='ocrx_word' id='word_1_241' title='bbox 719 2460 817 2487; x_wconf 84' lang='lat' dir='ltr'>aevo</span> <span class='ocrx_word' id='word_1_242' title='bbox 841 2446 1003 2488; x_wconf 87' lang='lat' dir='ltr'>Romae</span> <span class='ocrx_word' id='word_1_243' title='bbox 1030 2444 1226 2505; x_wconf 72' lang='lat' dir='ltr'>Lupzfer</span> <span class='ocrx_word' id='word_1_244' title='bbox 1249 2461 1336 2504; x_wconf 82' lang='lat' dir='ltr'>pro</span> <span class='ocrx_word' id='word_1_245' title='bbox 1366 2445 1654 2499; x_wconf 83' lang='lat' dir='ltr'>vexillarius,</span> <span class='ocrx_word' id='word_1_246' title='bbox 1676 2453 1719 2488; x_wconf 91' lang='lat' dir='ltr'>et</span> <span class='ocrx_word' id='word_1_247' title='bbox 1744 2443 1840 2486; x_wconf 87' lang='lat' dir='ltr'>fac—</span> 
     </span>
     <span class='ocr_line' id='line_1_30' title="bbox 117 2520 1840 2580; baseline -0.001 -17"><span class='ocrx_word' id='word_1_248' title='bbox 117 2522 184 2565; x_wconf 85' lang='lat' dir='ltr'>tio</span> <span class='ocrx_word' id='word_1_249' title='bbox 228 2522 440 2579; x_wconf 66' lang='lat' dir='ltr'>Gueffina</span> <span class='ocrx_word' id='word_1_250' title='bbox 488 2536 574 2579; x_wconf 88' lang='lat' dir='ltr'>pro</span> <span class='ocrx_word' id='word_1_251' title='bbox 611 2520 792 2579; x_wconf 88' lang='lat' dir='ltr'>lupina,</span> <span class='ocrx_word' id='word_1_252' title='bbox 824 2537 848 2564; x_wconf 86' lang='lat' dir='ltr'>a</span> <span class='ocrx_word' id='word_1_253' title='bbox 894 2537 1009 2564; x_wconf 86' lang='lat' dir='ltr'>voce</span> <span class='ocrx_word' id='word_1_254' title='bbox 1042 2522 1303 2580; x_wconf 85' lang='lat' dir='ltr'>germanica</span> <span class='ocrx_word' id='word_1_255' title='bbox 1338 2522 1471 2579; x_wconf 72' lang='lat' dir='ltr'>wolf,</span> <span class='ocrx_word' id='word_1_256' title='bbox 1506 2523 1666 2580; x_wconf 90' lang='lat' dir='ltr'>lupus,</span> <span class='ocrx_word' id='word_1_257' title='bbox 1709 2521 1783 2564; x_wconf 85' lang='lat' dir='ltr'>vel</span> <span class='ocrx_word' id='word_1_258' title='bbox 1816 2535 1840 2562; x_wconf 85' lang='lat' dir='ltr'>a</span> 
     </span>
     <span class='ocr_line' id='line_1_31' title="bbox 120 2599 454 2656; baseline -0.003 -15"><span class='ocrx_word' id='word_1_259' title='bbox 120 2599 296 2656; x_wconf 65' lang='lat' dir='ltr'>wolfhz,</span> <span class='ocrx_word' id='word_1_260' title='bbox 332 2599 454 2656; x_wconf 85' lang='lat' dir='ltr'>lupa.</span> 
     </span>
    </p>

    <p class='ocr_par' dir='ltr' id='par_1_11' title="bbox 121 2673 1843 2810">
     <span class='ocr_line' id='line_1_32' title="bbox 185 2673 1843 2734; baseline -0.002 -17"><span class='ocrx_word' id='word_1_261' title='bbox 185 2675 288 2718; x_wconf 78' lang='lat' dir='ltr'><strong>CAP.</strong></span> <span class='ocrx_word' id='word_1_262' title='bbox 313 2675 445 2717; x_wconf 89' lang='lat' dir='ltr'>VIII.</span> <span class='ocrx_word' id='word_1_263' title='bbox 476 2674 652 2734; x_wconf 80' lang='lat' dir='ltr'>Sagina</span> <span class='ocrx_word' id='word_1_264' title='bbox 681 2676 869 2718; x_wconf 80' lang='lat' dir='ltr'>ventris.</span> <span class='ocrx_word' id='word_1_265' title='bbox 904 2676 946 2718; x_wconf 89' lang='lat' dir='ltr'>A</span> <span class='ocrx_word' id='word_1_266' title='bbox 970 2691 1059 2734; x_wconf 82' lang='lat' dir='ltr'>qua</span> <span class='ocrx_word' id='word_1_267' title='bbox 1082 2676 1353 2718; x_wconf 76' lang='lat' dir='ltr'>Ptolemaeus</span> <span class='ocrx_word' id='word_1_268' title='bbox 1385 2675 1461 2718; x_wconf 88' lang='lat' dir='ltr'>hic</span> <span class='ocrx_word' id='word_1_269' title='bbox 1483 2684 1667 2731; x_wconf 72' lang='grc' dir='ltr'><strong>Φύσκων,</strong></span> <span class='ocrx_word' id='word_1_270' title='bbox 1693 2673 1843 2729; x_wconf 74' lang='lat' dir='ltr'><em>Phys-</em></span> 
     </span>
     <span class='ocr_line' id='line_1_33' title="bbox 121 2750 1361 2810; baseline 0.002 -17"><span class='ocrx_word' id='word_1_271' title='bbox 121 2766 228 2804; x_wconf 83' lang='lat' dir='ltr'>con,</span> <span class='ocrx_word' id='word_1_272' title='bbox 262 2750 311 2794; x_wconf 90' lang='lat' dir='ltr'>id</span> <span class='ocrx_word' id='word_1_273' title='bbox 339 2760 404 2794; x_wconf 86' lang='lat' dir='ltr'>est</span> <span class='ocrx_word' id='word_1_274' title='bbox 435 2751 743 2806; x_wconf 87' lang='lat' dir='ltr'>ventricosus,</span> <span class='ocrx_word' id='word_1_275' title='bbox 776 2751 965 2805; x_wconf 88' lang='lat' dir='ltr'>obesus,</span> <span class='ocrx_word' id='word_1_276' title='bbox 993 2753 1249 2810; x_wconf 88' lang='lat' dir='ltr'>appellatus</span> <span class='ocrx_word' id='word_1_277' title='bbox 1282 2760 1361 2795; x_wconf 88' lang='lat' dir='ltr'>est.</span> 
     </span>
    </p>
   </div>
   <div class='ocr_carea' id='block_1_5' title="bbox 628 2916 1329 2961">
    <p class='ocr_par' dir='ltr' id='par_1_12' title="bbox 628 2916 1329 2961">
     <span class='ocr_line' id='line_1_34' title="bbox 628 2916 1329 2961; baseline -0.001 -1"><span class='ocrx_word' id='word_1_278' title='bbox 628 2916 701 2960; x_wconf 89' lang='lat' dir='ltr'>IN</span> <span class='ocrx_word' id='word_1_279' title='bbox 750 2917 1023 2961; x_wconf 87' lang='lat' dir='ltr'>LIBRUM</span> <span class='ocrx_word' id='word_1_280' title='bbox 1071 2917 1329 2961; x_wconf 86' lang='lat' dir='ltr'>XXXIX.</span> 
     </span>
    </p>
   </div>
   <div class='ocr_carea' id='block_1_6' title="bbox 127 3054 1847 3350">
    <p class='ocr_par' dir='ltr' id='par_1_13' title="bbox 127 3054 1846 3251">
     <span class='ocr_line' id='line_1_35' title="bbox 191 3054 1846 3120; baseline -0.001 -22"><span class='ocrx_word' id='word_1_281' title='bbox 191 3055 295 3099; x_wconf 59' lang='lat' dir='ltr'>Cn.</span> <span class='ocrx_word' id='word_1_282' title='bbox 328 3057 365 3098; x_wconf 88' lang='grc' dir='ltr'>Ι.</span> <span class='ocrx_word' id='word_1_283' title='bbox 403 3055 659 3099; x_wconf 76' lang='lat' dir='ltr'>Protarchi.</span> <span class='ocrx_word' id='word_1_284' title='bbox 703 3058 741 3099; x_wconf 91' lang='lat' dir='ltr'><strong>A</strong></span> <span class='ocrx_word' id='word_1_285' title='bbox 773 3063 1030 3120; x_wconf 76' lang='grc' dir='ltr'>πρώταρχος,</span> <span class='ocrx_word' id='word_1_286' title='bbox 1062 3055 1237 3099; x_wconf 85' lang='lat' dir='ltr'>militiae</span> <span class='ocrx_word' id='word_1_287' title='bbox 1269 3055 1511 3114; x_wconf 90' lang='lat' dir='ltr'>princeps,</span> <span class='ocrx_word' id='word_1_288' title='bbox 1553 3055 1612 3098; x_wconf 88' lang='lat' dir='ltr'>ad</span> <span class='ocrx_word' id='word_1_289' title='bbox 1654 3054 1846 3097; x_wconf 85' lang='lat' dir='ltr'>verbum</span> 
     </span>
     <span class='ocr_line' id='line_1_36' title="bbox 127 3131 1846 3195; baseline -0.004 -16"><span class='ocrx_word' id='word_1_290' title='bbox 127 3145 280 3195; x_wconf 77' lang='grc' dir='ltr'>πρῶτος</span> <span class='ocrx_word' id='word_1_291' title='bbox 303 3138 437 3193; x_wconf 76' lang='grc' dir='ltr'>ἀρχάς,</span> <span class='ocrx_word' id='word_1_292' title='bbox 468 3131 643 3189; x_wconf 86' lang='lat' dir='ltr'>primus</span> <span class='ocrx_word' id='word_1_293' title='bbox 677 3131 916 3191; x_wconf 82' lang='lat' dir='ltr'>princeps3</span> <span class='ocrx_word' id='word_1_294' title='bbox 948 3132 1071 3175; x_wconf 91' lang='lat' dir='ltr'>unde</span> <span class='ocrx_word' id='word_1_295' title='bbox 1106 3139 1151 3175; x_wconf 91' lang='lat' dir='ltr'>et</span> <span class='ocrx_word' id='word_1_296' title='bbox 1182 3131 1383 3188; x_wconf 77' lang='lat' dir='ltr'>Archos,</span> <span class='ocrx_word' id='word_1_297' title='bbox 1423 3131 1626 3189; x_wconf 81' lang='lat' dir='ltr'>Pelasgis</span> <span class='ocrx_word' id='word_1_298' title='bbox 1659 3146 1846 3189; x_wconf 64' lang='lat' dir='ltr'>praepo-</span> 
     </span>
     <span class='ocr_line' id='line_1_37' title="bbox 129 3217 254 3251; baseline 0.008 -1"><span class='ocrx_word' id='word_1_299' title='bbox 129 3217 254 3251; x_wconf 83' lang='lat' dir='ltr'>situs.</span> 
     </span>
    </p>

    <p class='ocr_par' dir='ltr' id='par_1_14' title="bbox 200 3285 1847 3350">
     <span class='ocr_line' id='line_1_38' title="bbox 200 3285 1847 3350; baseline 0 -23"><span class='ocrx_word' id='word_1_300' title='bbox 200 3286 372 3345; x_wconf 70' lang='lat' dir='ltr'>Grypo.</span> <span class='ocrx_word' id='word_1_301' title='bbox 401 3285 472 3327; x_wconf 89' lang='lat' dir='ltr'>Ita</span> <span class='ocrx_word' id='word_1_302' title='bbox 494 3293 626 3339; x_wconf 86' lang='lat' dir='ltr'>vett.,</span> <span class='ocrx_word' id='word_1_303' title='bbox 651 3294 696 3328; x_wconf 88' lang='lat' dir='ltr'>et</span> <span class='ocrx_word' id='word_1_304' title='bbox 718 3286 954 3345; x_wconf 85' lang='lat' dir='ltr'>Appianus</span> <span class='ocrx_word' id='word_1_305' title='bbox 978 3296 1152 3350; x_wconf 54' lang='lat' dir='ltr'>Ppumk:</span> <span class='ocrx_word' id='word_1_306' title='bbox 1180 3287 1330 3346; x_wconf 84' lang='lat' dir='ltr'>reipsa</span> <span class='ocrx_word' id='word_1_307' title='bbox 1366 3294 1432 3329; x_wconf 84' lang='lat' dir='ltr'>est</span> <span class='ocrx_word' id='word_1_308' title='bbox 1464 3285 1605 3328; x_wconf 84' lang='lat' dir='ltr'>latine</span> <span class='ocrx_word' id='word_1_309' title='bbox 1640 3286 1847 3343; x_wconf 69' lang='lat' dir='ltr'>thpus,</span> 
     </span>
    </p>
   </div>
   <div class='ocr_carea' id='block_1_7' title="bbox 389 3376 1609 3415">
    <p class='ocr_par' dir='ltr' id='par_1_15' title="bbox 389 3376 1609 3415">
     <span class='ocr_line' id='line_1_39' title="bbox 389 3376 1609 3415; baseline 0.003 -5"><span class='ocrx_word' id='word_1_310' title='bbox 389 3376 447 3410; x_wconf 88' lang='lat'>11.</span> <span class='ocrx_word' id='word_1_311' title='bbox 1543 3381 1609 3415; x_wconf 87' lang='lat'>10</span> 
     </span>
    </p>
   </div>
  </div>
 </body>
</html>
