2315 3868
629 315 1119 361 PHILIPPICARUM
1150 317 1360 360 ‘moer
1777 306 1852 364 ηδ

622 514 968 551 PROLOGUS
1014 514 1186 548 LIBRI
1237 516 1358 548 XLI.

208 657 336 710 Uno
373 665 422 708 et
458 652 874 728 quadragesimo
913 650 1191 705 volumine
1226 652 1581 704 continentur
1616 672 1698 704 res
1732 653 1864 704 Par-

130 753 287 808 thicae
311 765 365 806 et
389 751 707 806 Bactrianae.
739 755 802 805 In
831 751 1073 819 Parthis,
1108 762 1168 804 ut
1195 763 1276 804 est
1304 750 1666 804 constitutum
1696 752 1861 824 impe-

129 854 299 922 rium,
328 871 425 927 per
455 854 710 906 Arsacem
739 871 935 926 regem.
968 852 1318 905 Successores
1346 848 1538 902 deiude
1566 849 1680 923 ejus
1706 851 1865 903 Arta-

129 951 331 1018 banus,
363 964 415 1005 et
441 954 706 1026 Tigranes
736 951 1065 1026 cognomine
1093 952 1244 1004 Deus
1279 971 1288 1003 :
1328 970 1356 1002 a
1389 970 1499 1023 quo
1532 949 1758 1002 subacta
1785 960 1865 1001 est

125 1050 310 1105 Media
351 1062 403 1105 et
447 1052 845 1126 Mesopotamia
894 1072 906 1105 z
950 1049 1237 1124 dictusque
1283 1051 1338 1102 in
1382 1069 1600 1102 excessu
1649 1047 1863 1102 Arabiae

130 1151 281 1204 situs.
324 1154 383 1203 in
420 1151 722 1205 Bactrianis
759 1163 941 1205 autem
976 1150 1168 1216 rebUS,
1204 1160 1264 1202 ut
1295 1169 1323 1202 a
1354 1147 1598 1202 Diodoto
1633 1167 1861 1221 regnum

129 1252 491 1304 constitutum
527 1263 607 1304 est
641 1272 651 1303 :
687 1250 915 1314 deinde,
947 1271 1058 1323 quo
1091 1269 1216 1323 rege
1250 1259 1559 1322 pugnante,
1596 1246 1862 1320 Scythicae

126 1360 341 1424 genteS,
373 1350 621 1402 Saraucae
650 1360 703 1401 et
732 1349 920 1402 Asiani
952 1351 1146 1401 Bactra
1182 1365 1522 1420 occupavere
1553 1358 1606 1399 et
1634 1344 1861 1420 Sogdia-

129 1468 244 1502 nos,
279 1445 480 1501 Indicae
511 1467 732 1521 quoque
764 1467 848 1501 res
882 1446 1103 1514 additae,
1138 1457 1298 1521 gestae
1332 1465 1429 1520 per
1460 1443 1859 1520 Apollodorum

122 1559 176 1600 et
205 1545 571 1601 Menandrum
604 1567 755 1622 reges
786 1567 993 1600 eorum.

600 1734 950 1770 PROLOGUS
994 1735 1173 1770 LIBRI
1222 1734 1380 1768 XLll.

203 1872 456 1928 Secundo
491 1883 539 1926 et
577 1871 996 1948 quadragesimo
1027 1870 1306 1926 volumine
1336 1872 1690 1925 continentur
1720 1874 1853 1925 Par-

124 1974 279 2028 thicae
302 1994 403 2027 res.
434 1976 509 2027 Ut
535 1971 818 2047 praefectus
842 1972 1060 2026 Parthis
1086 1974 1366 2046 Apraeteus
1391 1972 1627 2024 Mesenis
1653 1969 1854 2024 bellum

122 2072 307 2127 intulit
334 2094 344 2126 z
370 2085 540 2146 utque
562 2073 618 2125 in
644 2070 972 2146 Babylonios
996 2083 1047 2124 et
1069 2068 1434 2125 Seleucienses
1458 2071 1627 2124 saeviit
1652 2091 1662 2123 :
1689 2083 1858 2145 utque

118 2173 340 2227 Phraati
385 2172 641 2226 successit
681 2191 775 2224 rex
820 2169 1168 2224 Mithridates
1216 2171 1542 2245 cognomine
1586 2172 1823 2244 Magnus
1841 2214 1854 2233 ,

120 2274 213 2346 qui
236 2272 506 2326 Armeniis
529 2269 733 2325 bellum
758 2269 959 2324 intulit.
984 2269 1120 2324 Inde
1142 2271 1382 2345 repetitae
1405 2271 1640 2345 origines
1664 2271 1855 2323 Arme-

120 2372 364 2440 niorum,
392 2383 443 2424 et
477 2372 628 2424 situs,
656 2373 736 2425 Ut
765 2371 914 2424 varia
945 2368 1312 2445 complurium
1342 2389 1531 2444 regum
1559 2370 1613 2421 in
1639 2368 1854 2422 Parthis

119 2472 488 2540 successione,
518 2470 811 2544 imperium
843 2471 1051 2544 accepit
1079 2469 1316 2537 Orodes,
1347 2470 1440 2543 qui
1475 2471 1731 2523 Crassum
1764 2466 1852 2522 de-

118 2567 248 2624 levit
271 2583 323 2624 et
349 2571 561 2646 Syriam
588 2591 685 2644 per
713 2568 884 2622 filium
916 2571 1186 2623 Pacorum
1216 2569 1519 2643 occupavit.
1550 2566 1638 2620 Illi
1673 2587 1854 2621 succe-

118 2669 198 2723 dit
224 2670 512 2739 PhraateS,
541 2670 635 2744 qui
663 2681 717 2722 et
744 2689 870 2722 cum
896 2669 1139 2722 Antonio
1169 2666 1371 2721 bellum
1401 2668 1619 2733 habuit,
1648 2679 1702 2720 et
1726 2687 1851 2720 cum

119 2769 376 2824 Tiridate.
399 2769 614 2823 Additae
636 2789 719 2822 res
743 2768 1025 2842 Scythicae.
1047 2771 1220 2841 Reges
1241 2767 1616 2821 Tocharorum
1638 2766 1851 2831 Asiani,

71 2913 102 2930 γ’
122 2869 482 2945 interitusque
514 2869 898 2925 Sarducarum.

581 3057 936 3094 PROLOGUS
981 3057 1158 3091 LIBRI
1206 3057 1383 3091 XLIII.

200 3197 385 3250 Tertio
410 3208 462 3249 et
486 3196 901 3272 quadragesimo
928 3193 1204 3247 volumine
1228 3195 1583 3248 continentur
1608 3196 1847 3271 origines

122 3292 502 3374 [priscorum]
530 3295 877 3362 Latinorum,
905 3295 1038 3346 situs
1064 3293 1214 3346 urbis
1239 3296 1430 3347 Bomae
1454 3315 1464 3346 t
1494 3307 1546 3346 et
1573 3315 1654 3348 res
1680 3316 1852 3370 usquc
