2248 3697
412 221 715 242 muvkuzsm‘flmm
719 225 790 238 Ux'vs
795 223 943 236 m'vvvvsn
951 224 1038 239 mus
1044 224 1061 236 x
1069 226 1079 237 ι
1087 225 1097 237 t
1107 225 1492 242 §QVNWWVWWtU-mm
1497 226 1684 242 “mxx
1691 226 1727 242 tx
1732 227 1881 242 &nux-322
1890 228 1924 241 λ’*-
1930 229 2039 243 νὶιιᾯὶἱ
2046 229 2116 245 ιιῒη

942 495 1264 563 LIBER
1339 495 1577 564 XXV.

411 1031 449 1081 Ι.
468 981 665 1082 INTER
702 1026 836 1081 duos
883 1047 1066 1101 regeS,
1113 1026 1450 1100 Antigonum
1504 1037 1557 1077 et
1604 1026 1966 1095 Antiochum,
2013 1040 2110 1081 sta-

406 1139 521 1180 tuta
551 1146 711 1204 pace,
751 1147 918 1202 quun]
960 1127 1014 1178 in
1054 1123 1440 1181 Macedoniam
1477 1124 1787 1198 Antigonus
1832 1137 2118 1179 revertere—

408 1242 521 1296 tur,
569 1249 744 1281 novus
791 1226 965 1280 eidem
1014 1239 1237 1300 repente
1285 1223 1454 1277 hostis
1501 1234 1722 1275 exortus
1773 1235 1864 1276 est.
1902 1224 2121 1299 Quippe

406 1327 576 1397 Galli,
607 1328 700 1402 qui
730 1347 759 1379 a
797 1329 1013 1379 Brenno
1050 1324 1218 1393 duce,
1255 1344 1421 1399 quum
1462 1321 1515 1377 in
1561 1322 1828 1375 Graeciam
1877 1322 2121 1397 proficis-

405 1439 646 1495 ceretur,
675 1426 744 1479 ad
777 1427 1036 1479 terminos
1072 1425 1246 1498 gentis
1282 1424 1512 1476 tuendos
1550 1419 1726 1476 relicti
1767 1421 2014 1489 fuerant,
2057 1443 2120 1476 ne

406 1525 504 1580 soli
531 1524 739 1578 desides
765 1523 1109 1591 viderentur,
1130 1520 1375 1595 peditum
1397 1520 1708 1594 quindecim
1743 1519 1915 1574 millia
1934 1564 1948 1588 ,
1969 1519 2113 1595 equi-

405 1638 523 1678 tum
561 1625 666 1677 tria
701 1620 871 1677 millia
917 1630 1298 1687 armaverunt,
1342 1619 1652 1693 fugatisque
1695 1621 1964 1673 Getarum
2005 1621 2115 1673 Tri-

406 1722 786 1795 ballorumque
819 1720 1016 1794 copiis,
1043 1717 1378 1773 Macedoniae
1406 1718 1780 1784 imminentes,
1815 1716 2020 1793 legatos
2053 1717 2117 1770 ad

407 1843 588 1898 regem
635 1822 924 1887 miserunt,
969 1818 1062 1893 qui
1106 1837 1296 1891 pacem
1346 1816 1393 1869 ei
1430 1814 1674 1869 venalem
1722 1816 2007 1885 offerrent,
2056 1818 2118 1870 si-

408 1919 521 1974 mul
556 1932 606 1974 et
643 1920 782 1994 regis
819 1929 996 1972 castra
1019 1914 1446 1990 specularentur.
1478 1916 1633 1985 Quos
1654 1915 1995 1990 Antigonus,
2022 1935 2122 1989 pro

411 2020 574 2096 regali
617 2017 1019 2083 munificentia,
1054 2014 1263 2089 ingenti
1301 2025 1566 2088 apparatu
1599 2011 1886 2087 epularum
1920 2013 1985 2067 ad
2016 2034 2120 2066 coe-

409 2141 532 2173 nam
565 2118 829 2172 invitavit.
874 2115 977 2171 Sed
1014 2112 1161 2169 Galli
1198 2113 1502 2187 expositum
1539 2111 1746 2185 grande
1776 2111 1896 2164 auri
1929 2131 2119 2187 argen-

405 2220 555 2293 tique
587 2216 801 2292 pondus
835 2215 1190 2281 admirantes,
1229 2223 1389 2284 atque
1418 2209 1609 2284 praedae
1641 2210 1888 2263 ubertate
1921 2208 2119 2263 sollici-

407 2319 529 2384 tati,
566 2316 895 2382 infestiores,
927 2333 1089 2387 quam
1137 2322 1431 2375 venerant,
1481 2320 1847 2362 revertuntur.
1902 2309 2119 2378 Quibus

406 2429 455 2469 et
512 2415 830 2489 elephantos
881 2411 948 2464 ad
1000 2423 1292 2475 terrorem,
1342 2406 1494 2460 velut
1544 2408 1825 2461 inusitatas
1874 2407 2118 2461 barbaris

407 2516 628 2580 formas,
678 2534 772 2566 rex
823 2509 1035 2564 ostendi
1083 2510 1348 2582 jusserat,
1383 2518 1435 2560 et
1488 2527 1649 2560 naves
1690 2518 1909 2560 onustas
1949 2506 2118 2580 copiis

406 2612 793 2677 demonstrari,
830 2612 1081 2685 ignarus,
1115 2606 1286 2680 quod,
1307 2606 1505 2680 quibus
1525 2606 1887 2659 ostentatione
1917 2605 2116 2658 virium

407 2724 612 2765 metum
634 2731 688 2764 se
718 2710 939 2784 injicere
972 2705 1343 2774 existimabat,
1377 2724 1566 2757 eorum
1593 2704 1802 2756 animos
1828 2715 1884 2756 ut
1917 2704 1984 2756 ad
2001 2705 2117 2778 opi-

405 2831 549 2865 mam
580 2808 817 2884 praedam
842 2804 1183 2860 sollicitabat.
1222 2806 1415 2877 Itaque
1446 2802 1606 2877 legati
1637 2801 1705 2853 ad
1734 2823 1859 2855 suos
1889 2802 2114 2869 reversi,

404 2913 587 2965 omnia
616 2910 672 2962 in
691 2909 866 2981 majus
885 2902 1228 2971 extollentes,
1258 2923 1386 2976 opes
1411 2902 1613 2975 pariter
1644 2912 1696 2953 et
1728 2899 2113 2975 negligentiam

405 3011 544 3085 regis
576 3006 873 3062 ostendunt
905 3025 915 3056 :
948 3001 1203 3056 «Referta
1244 3021 1379 3054 auro
1419 3011 1471 3052 et
1510 3011 1737 3072 argento
1784 3011 1989 3067 castra3
2025 3000 2114 3054 sed

406 3129 580 3182 neque
616 3105 756 3160 vallo
777 3147 791 3174 ,
821 3104 1028 3158 fossave
1057 3101 1267 3155 munita
1301 3121 1311 3152 :
1343 3111 1395 3152 et
1427 3099 1581 3172 quasi
1622 3098 1749 3150 satis
1787 3099 2112 3152 munimenti

408 3209 458 3260 in
493 3207 693 3259 divitiis
731 3204 1026 3269 haberent,
1070 3202 1143 3254 ita
1188 3220 1278 3253 eos
1314 3198 1498 3251 omnia
1530 3195 1708 3248 officia
1744 3195 1999 3250 militaria
2042 3198 2112 3250 in-
