2315 3868
499 328 525 373 8
534 345 558 373 2
1234 330 1259 371 J
1263 329 1473 373 USTINI

499 433 677 485 minus
703 430 959 504 imputari
984 431 1108 501 sibi,
1137 432 1180 485 si
1205 452 1313 506 qua
1336 432 1575 487 Gordius
1599 445 1692 488 aut
1717 435 1982 510 Tigranes
2008 436 2169 492 faciat
2194 459 2208 492 ε

497 529 801 583 libertatem
833 529 993 583 etiam
1028 531 1082 583 in
1115 530 1502 585 contumeliam
1537 533 1619 586 sui
1655 552 1682 586 a
1715 545 1906 587 senatu
1938 532 2085 589 ultro
2119 535 2209 590 de-
2272 530 2286 533 ⁷*

494 627 659 684 latam
691 628 1076 704 Cappadociae,
1109 649 1274 703 quam
1307 628 1527 704 reliquis
1557 631 1808 703 gentibus
1842 631 2164 687 abstulerint
2197 656 2208 687 :

495 727 689 783 deinde
720 727 950 805 populos
979 729 1395 803 Cappadocum,
1424 750 1524 803 pro
1553 728 1800 783 libertate
1830 728 2034 799 oblata,
2065 733 2209 786 Gor-

494 826 644 881 dium
670 848 850 903 regem
875 839 1118 897 oranteS,
1145 827 1265 882 ideo
1291 840 1531 896 tantum,
1563 828 1822 901 quoniam
1851 829 2055 883 amicus
2079 849 2209 884 suus

494 939 658 997 esset,
712 947 823 981 non
882 926 1196 980 obtinuisse.
1255 925 1609 980 Nicomedem
1661 940 1935 1002 praecepto
1988 925 2208 982 illorum

490 1024 693 1079 bellum
725 1025 826 1080 sibi
858 1023 1101 1079 intulisse
1135 1045 1146 1077 z
1182 1024 1311 1098 quia
1345 1021 1524 1076 ultum
1556 1025 1678 1077 ierit
1704 1044 1783 1094 se,
1819 1025 1885 1078 ab
1917 1026 2047 1100 ipsis
2078 1046 2208 1081 ven-

496 1135 608 1177 tum
646 1124 885 1188 obviam,
919 1135 973 1176 et
1008 1142 1155 1176 nunc
1199 1142 1315 1176 eam
1350 1141 1531 1175 secum
1570 1119 1808 1176 bellandi
1845 1120 1950 1176 illis
1985 1143 2205 1179 causam

493 1222 631 1293 fore,
667 1222 815 1297 quod
846 1242 956 1276 non
992 1223 1214 1296 impune
1242 1241 1296 1274 se
1325 1219 1612 1276 Nicomedi
1639 1218 2014 1290 lacerandum,
2043 1221 2205 1277 salta-

495 1323 637 1376 tricis
665 1321 801 1390 filio,
832 1320 1140 1395 praebuerit.

567 1422 662 1476 VI.
711 1421 982 1495 «Quippe
1023 1439 1133 1472 non
1176 1417 1370 1472 delicta
1407 1438 1600 1494 regum
1644 1416 1790 1489 illos,
1836 1418 1928 1473 sed
1963 1420 2103 1474 vires
2146 1440 2206 1474 ac

490 1519 824 1594 majestatem
855 1519 1067 1592 insequi
1102 1538 1113 1570 ε
1143 1538 1318 1591 neque
1350 1518 1405 1570 in
1440 1537 1494 1570 se
1528 1537 1663 1587 un0,
1701 1517 1793 1572 sed
1829 1518 1885 1571 in
1921 1517 2037 1572 aliis
2071 1539 2205 1592 quo—

487 1637 594 1694 que
625 1616 875 1671 omnibus
897 1658 911 1684 ,
945 1616 1048 1669 hac
1084 1635 1295 1690 semper
1332 1626 1447 1669 arte
1482 1627 1765 1690 grassatos.
1812 1616 1901 1670 Sic
1942 1627 1994 1670 et
2038 1636 2202 1670 avum

487 1736 645 1771 suum
695 1715 1062 1783 Pharnacem,
1112 1734 1209 1790 per
1259 1715 1650 1790 cognationum
1702 1715 1926 1769 arbitria
1947 1758 1960 1785 ,
2016 1735 2201 1769 succe-

492 1815 724 1869 daneum
775 1814 890 1889 regi
932 1816 1270 1888 Pergameno
1324 1813 1557 1867 Eumeni
1604 1813 1790 1866 datum
1838 1834 1849 1866 :
1895 1814 1969 1867 sic
2015 1834 2201 1868 rursus

492 1916 821 1980 Eumenem,
869 1911 1020 1987 cujus
1071 1910 1331 1965 classibus
1382 1911 1620 1985 primum
1666 1911 1721 1964 in
1766 1911 1951 1966 Asiam
1999 1911 2203 1966 fuerint

491 2012 803 2080 transvecti,
835 2011 989 2085 cujus
1018 2010 1282 2078 exercitU,
1309 2010 1479 2084 magis
1510 2029 1674 2083 quam
1703 2029 1823 2079 SUO,
1855 2020 1910 2063 et
1934 2011 2200 2086 Magnum

492 2111 842 2177 Antiochum,
887 2122 940 2163 et
983 2107 1172 2164 Gallos
1219 2108 1276 2161 in
1316 2109 1476 2175 Asia,
1517 2121 1570 2162 et
1615 2129 1740 2162 mox
1780 2110 1834 2162 in
1879 2108 2199 2163 Macedonia

491 2232 670 2287 regem
695 2213 895 2266 Persen
926 2208 1285 2277 domuissent,
1319 2219 1372 2261 et
1401 2207 1577 2281 ipsum
1610 2227 1710 2282 pro
1736 2207 1891 2262 hoste
1919 2209 2197 2279 habitum,

490 2312 646 2384 eique
674 2308 1023 2363 interdictum
1049 2305 1207 2360 Italia
1233 2326 1245 2360 t
1275 2318 1329 2360 et
1355 2304 1503 2380 quod
1530 2326 1652 2359 cum
1683 2307 1799 2381 ipso
1829 2306 2066 2361 deforme
2095 2307 2194 2361 sibi

490 2409 856 2483 putavissent,
900 2425 1025 2459 cum
1068 2403 1180 2458 filio
1217 2404 1331 2479 ejus
1366 2404 1674 2459 Aristonico
1709 2403 1915 2458 bellum
1953 2406 2193 2480 gessisse.

491 2506 708 2564 Nullius
751 2504 897 2579 apud
941 2524 1029 2557 eos
1075 2504 1305 2578 majora,
1343 2522 1505 2577 quam
1543 2503 1866 2568 Masinissae,
1905 2503 2044 2577 regis
2079 2504 2197 2557 Nu-

490 2605 786 2673 midarum,
837 2603 1024 2657 haberi
1060 2602 1266 2655 merita.
1311 2603 1452 2655 Huic
1492 2601 1751 2675 imputari
1786 2601 1989 2654 victum
2025 2603 2196 2655 Anni-

490 2702 692 2771 balem,
722 2701 850 2755 huic
881 2711 1099 2774 captum
1131 2700 1457 2774 Syphacem,
1488 2698 1617 2753 huic
1647 2697 2031 2773 Carthaginem
2059 2698 2198 2752 dele-

492 2814 604 2856 tam
643 2821 654 2853 :
692 2800 839 2853 hunc
876 2800 1017 2852 inter
1054 2798 1189 2851 duos
1226 2796 1345 2851 illos
1382 2797 1665 2852 Africanos
1704 2796 1920 2849 tertium
1957 2808 2198 2850 servato-

492 2920 605 2954 rem
628 2899 775 2953 urbis
796 2896 984 2950 referri
1011 2916 1021 2948 :
1050 2908 1231 2949 tamen
1256 2915 1377 2949 cum
1404 2895 1566 2968 hujus
1592 2905 1783 2967 nepote
1807 2891 2008 2946 bellum
2033 2893 2196 2947 modo

492 2999 547 3051 in
578 2996 760 3051 Africa
789 3007 999 3070 gestum
1028 2994 1161 3048 adeo
1190 2991 1537 3068 inexpiabile,
1564 3003 1625 3044 ut
1652 3011 1719 3044 ne
1747 2991 1952 3045 victum
1977 2991 2195 3064 quidem

493 3095 764 3149 memoriae
788 3093 873 3146 avi
903 3091 1193 3161 donarent,
1219 3091 1352 3164 quin
1382 3107 1649 3143 carcerem
1671 3108 1731 3141 ac
1757 3089 2019 3163 triumphi
2046 3109 2194 3162 spec-

495 3191 732 3247 taculum
765 3190 1115 3263 experiretur.
1149 3193 1303 3243 Hanc
1334 3186 1452 3241 illos
1491 3186 1707 3260 regibus
1741 3186 1991 3239 omnibus
2021 3184 2194 3260 legem

497 3290 744 3343 odiorum
774 3287 990 3353 dixisse,
1019 3285 1217 3341 scilicet
1247 3288 1373 3359 quia
1402 3284 1502 3358 ipsi
1536 3283 1663 3337 tales
1693 3303 1843 3360 reges
1873 3284 2190 3352 habuerint,
