2315 3868
547 326 979 371 HISTORIARUM
1013 326 1124 368 LlB.
1161 325 1420 367 XXXVIII.
1775 321 1832 375 87

126 431 423 507 fugientem
449 430 770 498 PlirahateS,
796 429 891 502 qui
918 426 1188 482 Arsacidae
1212 437 1562 495 successerat,
1592 424 1833 499 equitum

127 529 428 599 celeritate,
478 550 575 604 per
620 527 1035 602 compendiosos
1088 527 1330 580 tramites
1379 537 1701 598 occupatum
1750 544 1834 577 re-

128 629 310 682 trahit.
345 631 422 683 Ut
456 640 538 682 est
572 626 835 683 deductus
872 627 940 680 ad
975 647 1181 702 regem,
1215 622 1583 680 Callimandro
1615 624 1833 698 quidem

127 749 235 782 non
264 739 475 782 tantum
510 728 687 797 venia,
720 748 909 781 verum
939 727 1103 781 etiam
1132 726 1416 801 praemium
1446 723 1569 777 fidei
1602 723 1788 778 datum
1819 746 1831 778 :

127 825 470 880 Demetrium
508 837 691 880 autem
725 839 777 880 et
811 827 1045 901 graviter
1085 825 1409 900 castigatum
1445 822 1514 877 ad
1547 823 1834 898 conjugem

124 926 179 978 in
215 927 541 999 Hyrcaniam
582 927 840 996 remittit,
881 925 1315 998 arctioribusque
1354 922 1612 978 custodiis
1652 922 1835 976 obser-

129 1024 237 1077 vari
269 1025 439 1098 jubet.
475 1027 768 1100 Interjecto
809 1024 1002 1080 deinde
1038 1037 1314 1099 tempore,
1348 1043 1518 1098 quum
1555 1021 1717 1076 fidem
1758 1020 1835 1076 illi

124 1126 285 1177 etiam
311 1125 545 1198 suscepti
574 1123 730 1178 liberi
760 1125 1021 1191 facerent,
1049 1124 1236 1178 eodem
1266 1124 1439 1177 amico
1463 1123 1660 1176 comite
1686 1142 1837 1196 repe-

1628 1221 1719 1273 orni
1752 1223 1836 1274 sui

1626 1264 1656 1296 t>

123 1321 569 1396 reprehenditur3
604 1341 665 1374 ac
702 1321 880 1374 denuo
915 1320 1208 1395 perductus
1243 1319 1311 1374 ad
1347 1340 1561 1395 regem,
1598 1331 1661 1373 ut
1695 1321 1834 1372 invi-

126 1224 222 1276 tita
254 1222 383 1297 fuga
415 1235 494 1277 est
530 1244 540 1276 :
573 1222 666 1276 sed
698 1224 814 1296 pari
851 1222 1163 1276 infelicitate
1197 1242 1367 1296 prope
1399 1221 1531 1275 fines
1565 1241 1622 1274 re

124 1438 212 1472 sus
235 1439 267 1472 a
289 1431 584 1494 conspectu
609 1419 979 1473 submovetur.
1008 1421 1162 1473 Tunc
1190 1438 1409 1492 quoque
1439 1418 1594 1472 uxori
1625 1429 1679 1471 et
1705 1415 1835 1470 libe-

123 1517 196 1571 ris
248 1517 512 1588 donatUS,
562 1519 616 1571 in
662 1518 1023 1592 Hyrcaniam,
1070 1516 1336 1591 poenalem
1383 1517 1483 1570 sibi
1529 1517 1834 1585 civitatem,

125 1617 448 1686 remittitur,
494 1616 721 1691 talisque
766 1618 941 1670 aureis
983 1616 1052 1670 ad
1095 1616 1574 1691 exprobrationem
1613 1613 1835 1689 puerilis

124 1712 356 1769 levitatis
399 1715 649 1768 donatur.
696 1715 801 1770 Sed
841 1716 980 1769 hanc
1027 1715 1358 1768 Parthorum
1401 1727 1513 1767 tam
1552 1715 1738 1768 mitem
1780 1714 1834 1766 in

126 1814 467 1867 Demetrium
509 1811 850 1867 clementiam
893 1833 1003 1866 non
1046 1812 1418 1866 misericordia
1457 1813 1631 1886 gentis
1673 1812 1832 1865 facie-

123 1911 239 1982 bat,
274 1931 371 1966 nec
400 1924 674 1987 respectus
704 1912 1040 1987 cognationis
1070 1933 1080 1964 :
1114 1911 1206 1965 sed
1234 1910 1384 1985 quod
1414 1911 1578 1986 Syriae
1608 1930 1834 1985 regnum

125 2009 476 2081 affectabant,
520 2011 671 2064 usuri
712 2011 996 2064 Demetrio
1049 2009 1305 2064 adversus
1351 2009 1685 2063 Antiochum
1730 2008 1836 2062 fra-

125 2120 294 2177 trem,
341 2121 504 2183 prout
551 2129 669 2176 res,
715 2107 797 2163 vel
850 2121 1096 2183 tempus,
1150 2107 1231 2161 vel
1277 2108 1497 2162 fortuna
1543 2106 1670 2160 belli
1716 2127 1835 2160 exe-

125 2208 300 2280 gisset.

207 2310 275 2362 X.
323 2309 418 2361 His
444 2308 666 2378 auditiS,
694 2308 996 2364 Antiochus
1025 2306 1402 2381 occupandum
1426 2304 1628 2359 bellum
1656 2317 1832 2375 ratus,

128 2407 451 2476 exercitum,
481 2426 642 2479 quem
669 2405 854 2460 multis
884 2406 1238 2460 finitimorum
1270 2404 1424 2459 bellis
1455 2405 1833 2474 induraverat,

130 2505 384 2558 adversus
417 2505 648 2559 Parthos
683 2505 846 2559 ducit.
895 2504 1001 2559 Sed
1040 2503 1264 2558 luxuriae
1303 2524 1412 2556 non
1453 2504 1632 2557 minor
1668 2523 1833 2577 appa-

129 2615 308 2672 ratus,
340 2623 503 2677 quam
536 2601 772 2670 militiae,
807 2603 909 2656 fuit
942 2624 951 2655 :
986 2604 1188 2676 quippe
1219 2621 1370 2655 LXXX
1405 2600 1570 2654 millia
1602 2613 1835 2653 armato--

131 2722 252 2755 rum
293 2713 475 2755 secuta
516 2713 642 2754 sunt
676 2720 772 2755 ccc
809 2699 975 2753 millia
1016 2699 1274 2765 lixarum,
1312 2720 1376 2752 ex
1406 2699 1601 2773 quibus
1635 2718 1834 2772 coquo-

132 2818 291 2867 rum,
337 2800 637 2873 pistorum,
688 2799 1129 2872 scenicorumque
1180 2798 1351 2871 major
1401 2817 1658 2849 numerus
1712 2796 1830 2849 fuit.

134 2899 360 2972 Argenti
390 2908 533 2951 certe
564 2898 790 2970 aurique
822 2908 1062 2962 tantum,
1094 2908 1153 2948 ut
1186 2896 1346 2948 etiam
1379 2894 1608 2967 gregarii
1637 2891 1832 2946 milites

135 2993 329 3069 caligas
360 3015 492 3048 auro
529 2995 784 3070 figerent,
821 2992 1304 3068 proculcarentque
1336 2992 1642 3060 materiam,
1679 2991 1832 3064 cujus

136 3111 319 3144 amore
348 3091 536 3166 populi
566 3093 708 3146 ferro
737 3092 1012 3145 dimicant.
1047 3089 1366 3145 Culinarum
1394 3110 1610 3164 quoque
1643 3109 1832 3163 argen-

138 3202 221 3242 tea
250 3190 608 3243 instrumenta
642 3190 814 3258 fuere,
848 3210 1067 3263 prorsus
1102 3189 1254 3262 quasi
1289 3188 1355 3241 ad
1384 3187 1594 3262 epulaS,
1628 3207 1736 3239 non
1766 3187 1832 3239 ad

135 3286 273 3340 bella
316 3299 618 3361 pergerent.
659 3288 982 3343 Advenienti
1022 3287 1292 3341 ,Antiocho
1334 3285 1489 3340 multi
1531 3283 1831 3340 Orientales
