2315 3868
763 343 1007 386 LIBRUM
1053 343 1242 387 XXXV.
1792 357 1807 384 1
1823 343 1876 397 37

146 450 423 504 devorator,
457 450 700 504 decoctor3
740 448 877 506 Opici
902 456 945 491 et
987 447 1119 495 Osci,
1156 448 1364 491 obscoeni
1394 465 1402 490 :
1446 450 1618 504 Oscos,
1657 463 1775 508 quos
1801 447 1878 490 di-

147 529 314 581 cimus,
353 528 416 572 ait
454 527 643 571 Verrius
690 526 902 578 Flaccus,
952 524 1132 583 Opscos
1167 532 1303 567 antea
1338 524 1513 580 dictos,
1543 535 1658 569 teste
1706 524 1877 568 Ennio.

147 605 265 649 Vide
302 608 436 649 Auct.
469 606 522 647 L.
555 606 633 655 L.,
674 617 718 660 p.
756 601 893 656 1715.
919 601 1063 656 Quod
1092 609 1137 645 et
1170 601 1320 659 arguit
1342 610 1543 661 etymon.
1569 605 1728 646 Isauri
1755 603 1879 646 enim

146 697 322 726 nomen
364 681 510 724 oritur
548 680 607 722 ab
643 687 748 736 ἴσος,
782 694 890 738 par,
924 687 968 722 et
996 666 1141 736 αὖρα,
1181 686 1345 721 ventus
1391 679 1564 733 levior,
1599 689 1675 722 aut
1725 669 1879 740 ιιῧροι,

146 760 352 816 lepores,
379 772 512 815 pares
534 771 681 811 aurae,
705 757 781 799 vel
808 758 998 799 Aurorae
1023 772 1124 814 quae
1150 755 1410 798 Tithonum
1439 756 1615 814 rapuit,
1642 767 1718 801 aut
1746 759 1879 817 lepo-

145 835 298 889 ribus,
317 834 396 892 qui
419 842 524 876 sunt
543 840 744 896 ἰσοίνεμςι,
770 849 901 892 pares
919 833 1154 877 celeritate
1171 832 1349 888 ventis;
1368 832 1622 877 Ambrones
1646 844 1882 879 contracte

146 912 205 954 ab
236 918 312 959 ἀνά
341 919 385 954 et
411 918 539 974 βορᾶς,
564 926 738 965 vorax3
772 910 914 970 Opici
936 925 1024 968 pro
1061 909 1256 969 Ophici,
1289 910 1349 952 ab
1373 917 1472 971 ὄφις,
1490 925 1679 968 serpens
1706 927 1714 953 ε
1749 913 1888 970 Opici

146 987 296 1042 enim,
333 986 597 1046 Campaniae
633 987 825 1046 populi,
855 986 998 1030 iidem
1030 996 1138 1030 sunt
1170 986 1248 1045 qui
1284 985 1483 1045 Ophici,
1518 1001 1784 1044 cognomen
1818 988 1883 1031 ci—

145 1064 273 1107 vium
302 1063 704 1123 Capuae,luxuriae
734 1064 926 1107 infamia
956 1072 1154 1118 notatae,
1181 1072 1225 1106 et
1260 1063 1484 1121 anguium
1515 1062 1612 1120 ejus
1637 1064 1737 1123 agri
1759 1066 1883 1107 mul—

146 1140 372 1195 titudine3
429 1139 540 1183 Osci
584 1156 698 1184 vero
743 1141 802 1184 ab
844 1142 984 1200 Opici
1008 1139 1358 1195 contractione,
1390 1147 1468 1183 aut
1499 1139 1559 1183 ab
1599 1147 1708 1202 ἅψας,
1745 1139 1885 1200 flagi-

147 1218 313 1273 tiosus,
347 1218 606 1276 improbus.

221 1296 371 1338 Orole.
402 1294 575 1337 Mirum
593 1302 660 1336 est
679 1308 817 1350 quam
841 1294 1040 1351 turpiter
1064 1294 1369 1352 depravatum
1400 1295 1460 1338 sit
1486 1310 1662 1338 nornen
1684 1297 1776 1338 hoc
1790 1297 1888 1338 Da-

150 1371 236 1414 cici
263 1370 398 1428 regis.
422 1369 616 1412 Variant
640 1368 776 1412 codd.
812 1378 856 1412 et
884 1369 990 1413 edd.
1016 1370 1065 1412 in
1097 1371 1262 1423 Orole,
1297 1371 1477 1424 Orode,
1512 1372 1664 1415 Olore.
1683 1372 1741 1414 Is.
1761 1373 1887 1415 Vos-

150 1447 240 1490 sius
274 1445 463 1503 conjicit
501 1445 753 1505 legendum
798 1445 1090 1500 Boerebista,
1140 1462 1197 1490 ex
1238 1448 1392 1492 Strab.
1413 1482 1425 1503 ,
1456 1447 1539 1491 lib„
1572 1464 1676 1501 vn,
1718 1447 1791 1491 cui
1822 1457 1889 1491 est

148 1529 429 1587 Βωρξςίστας,
462 1532 506 1566 et
539 1539 594 1566 ex
626 1524 830 1582 prologo
866 1523 1013 1583 Trogi
1047 1525 1123 1569 vel
1157 1525 1361 1585 epitome
1392 1525 1567 1569 minori
1590 1525 1724 1583 hujus
1755 1526 1889 1580 libri,

149 1601 232 1644 ubi
248 1602 368 1644 male
387 1600 555 1659 legitur
573 1600 867 1644 Rubobostes.
887 1601 996 1645 Haec
1013 1601 1107 1645 duo
1132 1603 1324 1645 nomina
1343 1602 1550 1660 ejusdem
1568 1602 1688 1660 regis
1707 1602 1887 1646 diversa

150 1687 278 1733 sunt,
311 1677 477 1736 hicque
510 1677 760 1736 legendum
811 1678 961 1721 Orode
994 1694 1082 1737 pro
1125 1680 1286 1733 Orole,
1322 1680 1382 1723 ab
1418 1681 1615 1742 ὁρῥώὸης,
1649 1678 1886 1737 trepidus:

149 1755 240 1798 lioc
274 1769 448 1798 nomen
487 1754 629 1812 igitur
661 1753 782 1812 regis
824 1756 1046 1798 Getarum
1079 1755 1194 1798 mihi
1236 1756 1420 1798 videtur
1461 1756 1587 1799 idem
1628 1771 1680 1799 ac
1714 1771 1889 1799 nomen

150 1830 272 1890 regis
303 1831 596 1874 Parthorum.
639 1831 755 1873 Vide
795 1830 938 1889 infra,
969 1831 1050 1875 lib.
1090 1848 1219 1887 XLII,
1254 1848 1354 1890 cap.
1396 1838 1437 1884 4.
1481 1837 1739 1895 Bozpsssiowg
1776 1848 1888 1876 vero

151 1907 463 1966 compositum
499 1916 566 1951 est
608 1923 633 1951 a
668 1915 779 1966 βοῦς,
812 1908 927 1961 bos,
963 1916 1043 1967 βω-
1076 1908 1125 1951 in
1159 1925 1274 1953 voce
1312 1916 1494 1970 βοίκλεψ,
1534 1909 1679 1952 boum
1715 1910 1812 1966 fur,
1846 1919 1890 1954 et

152 1990 306 2047 ῥαιὲός,
324 1984 563 2036 incurvus,
582 1985 804 2037 intortus,
824 1986 1106 2044 superlative
1125 1991 1351 2047 ῥαίὲιστος,
1368 1987 1455 2030 bos
1481 1986 1702 2030 cornibus
1726 1986 1888 2030 incur—

153 2078 365 2106 visslmis.

683 2141 755 2183 IN
804 2139 1078 2183 LIBRUM
1131 2139 1395 2184 XXXIV.

225 2274 330 2317 CAP.
357 2276 440 2318 III.
469 2278 672 2335 Legatus
699 2276 914 2336 Popilius
931 2277 998 2319 ad
1019 2277 1310 2320 Antiochum.
1337 2279 1407 2320 De
1431 2278 1523 2321 hoc
1547 2279 1653 2321 vide
1681 2279 1890 2329 L1V1UM,

158 2367 247 2393 xm-
264 2385 275 2406 ,
307 2366 389 2405 12,
417 2353 744 2396 Pina—Ancum
764 2387 774 2407 ,
799 2353 847 2395 in
883 2353 1126 2413 Apoplztlz.
1143 2387 1157 2406 ,
1194 2369 1230 2396 c.
1260 2352 1317 2396 32
1336 2387 1347 2408 ,
1383 2355 1500 2397 VAL.
1524 2355 1792 2407 MAxmuJM,
1819 2369 1890 2408 v1,

160 2434 215 2482 ᾖ,
241 2444 266 2470 a
302 2427 468 2486 quibus
503 2427 548 2471 C.
583 2430 816 2488 Popillius
847 2431 1027 2473 dicitur.
1062 2432 1331 2484 Paterculo,
1363 2448 1403 2485 1,
1454 2447 1534 2485 10,
1571 2440 1638 2474 est
1674 2432 1888 2484 Murcus,

159 2514 203 2547 et
228 2497 545 2564 Hieronymo,
569 2505 618 2548 in
644 2522 684 2548 11
712 2507 892 2550 Daniel.
919 2507 1006 2550 Hic
1030 2509 1172 2566 vulgo
1192 2517 1258 2551 est
1287 2509 1339 2551 P.
1367 2509 1604 2567 Popilius,
1632 2523 1720 2566 pro
1748 2509 1891 2551 Pom-

152 2583 323 2643 pilius,
359 2598 383 2624 a
407 2590 625 2645 πόμπι).ες,
653 2583 746 2626 dux
780 2582 890 2638 viae,
926 2599 1103 2638 comes,
1129 2593 1350 2647 πομπεύω,
1384 2600 1604 2643 pompam
1634 2584 1769 2627 duco.
1801 2586 1894 2627 Po-

157 2659 304 2723 pilius
331 2674 442 2717 ergo
467 2659 646 2718 virgam
672 2660 721 2702 in
744 2675 885 2703 manu
909 2675 1100 2719 gerens,
1126 2670 1169 2703 et
1195 2661 1366 2704 circulo
1399 2662 1584 2720 magico
1610 2661 1890 2704 Antiochum

160 2735 431 2789 includens,
456 2736 579 2779 idem
614 2746 680 2780 est
717 2737 795 2795 qui
817 2738 969 2780 Numa
1006 2739 1264 2797 Pompilius
1280 2772 1294 2792 ,
1325 2754 1405 2781 seu
1430 2737 1713 2793 Mercurius,
1739 2737 1888 2781 dictus

163 2829 347 2873 quoque
379 2823 584 2876 πομπαῖος
606 2815 680 2857 vel
712 2822 916 2877 πομπεύς,
942 2814 1057 2867 dux,
1087 2815 1166 2873 qui
1192 2831 1416 2874 pompam
1445 2815 1595 2870 ducit,
1615 2824 1659 2858 et
1686 2823 1888 2877 ψυχοπᾳμ-

163 2897 252 2947 πός,
276 2891 356 2948 qui
380 2891 555 2934 animas
582 2892 640 2934 ad
663 2891 837 2934 inferos
862 2890 992 2950 virga
1021 2891 1160 2935 ducit.

691 3050 763 3092 IN
814 3050 1092 3092 LIBRUM
1141 3050 1352 3092 XXXV.

231 3195 336 3237 CAp.
362 3195 395 3236 I.
438 3194 767 3252 Orophernem.
805 3197 873 3238 Ita
899 3204 1008 3238 vett.
1028 3191 1243 3257 ὀροφέρνης
1279 3211 1464 3254 quoque
1493 3206 1685 3239 vocatur
1718 3197 1767 3240 in
1805 3214 1891 3241 ex*

163 3269 330 3328 cerptis
354 3269 811 3328 Porphyrogennetae
835 3287 857 3314 e
882 3271 1098 3314 Diodoro
1114 3305 1126 3325 ,
1149 3270 1277 3329 juxta
1308 3272 1524 3315 Vossium
1540 3305 1551 3327 ,
1576 3273 1786 3330 quamvis
1816 3276 1891 3317 alii

165 3346 296 3390 aliter
331 3354 513 3389 vocent.
547 3345 811 3404 Appianus,
842 3347 1040 3405 Syriae„
1088 3356 1130 3390 et
1165 3346 1403 3391 Diodorus
1442 3347 1565 3406 ipse,
1595 3348 1723 3406 juxta
1770 3352 1891 3394 Bon-
