2315 3868
537 348 776 391 JUSTINJ
808 346 1245 389 HISTORIARUM
1286 349 1397 390 ΜΒ.
1435 349 1553 390 xm.
1839 366 1899 407 95,

177 453 490 509 cedentibus
526 452 700 526 primo
735 446 1007 516 finitimis,
1039 459 1224 521 postea
1258 450 1420 502 etiam
1452 452 1897 526 prohibentibus,

180 557 230 607 in
276 564 487 607 tantum
531 546 838 624 protulere,
878 558 940 599 ut
980 567 1091 600 non
1133 547 1396 601 immensa
1436 562 1649 604 tantum
1684 552 1797 625 jam
1838 573 1898 606 ac

179 650 447 728 profunda
496 667 847 722 camporum,
894 667 1084 701 verum
1129 648 1288 700 etiam
1331 661 1607 723 praerupta
1646 650 1895 721 collium,

179 750 553 821 montiumque
598 746 769 800 ardua
813 747 1216 821 occupaverint.
1258 749 1336 800 Ex
1383 768 1492 820 quo
1532 747 1623 816 fit,
1668 762 1726 803 ut
1768 754 1898 805 Par—

178 850 300 902 thiae
331 846 588 922 pleraque
621 845 840 915 finium,
869 858 962 899 aut
991 857 1177 914 aestuS‚
1210 857 1303 899 aut
1333 844 1548 920 frigoris
1576 850 1897 923 magnitudo

176 947 478 1025 possideat3
519 945 722 1019 quippe
761 965 931 1018 quum
976 957 1184 998 montes
1229 946 1349 1012 nix,
1389 957 1442 997 et
1480 965 1700 1020 campos
1741 960 1899 1002 aestus

176 1048 405 1103 infestet.

255 1151 324 1203 II.
371 1147 788 1202 Administratio
818 1148 991 1221 gentis
1023 1158 1144 1220 post
1172 1145 1529 1200 defectionem
1556 1147 1898 1201 Macedonici

177 1247 387 1323 imperii
443 1245 541 1299 sub
598 1245 817 1319 regibus
870 1244 987 1296 fuit.
1048 1246 1335 1298 Proximus
1390 1246 1655 1319 majestati
1708 1267 1898 1322 regum

175 1343 503 1420 populorum
545 1342 681 1396 ordo
723 1354 802 1396 est
852 1363 863 1394 :
910 1362 973 1395 ex
1018 1343 1121 1396 hoc
1166 1342 1329 1396 duces
1374 1345 1427 1396 in
1471 1343 1642 1412 bello,
1687 1367 1750 1399 ex
1795 1346 1899 1399 hoc

174 1455 405 1499 rectores
463 1444 518 1497 in
569 1462 701 1518 pace
750 1442 969 1496 habent.
1025 1444 1212 1496 Sermo
1260 1443 1340 1496 his
1391 1444 1532 1497 inter
1582 1445 1897 1519 Scythicum

172 1542 565 1617 Medicumque
593 1541 833 1612 mediUS,
859 1554 911 1594 et
940 1562 1004 1594 ex
1035 1543 1280 1616 utrisque
1310 1544 1526 1597 mixtus.
1561 1546 1738 1598 Vestis
1769 1545 1897 1599 olim

175 1643 256 1695 sui
285 1643 452 1695 moris
483 1664 494 1695 :
527 1653 883 1717 posteaquam
918 1661 1188 1695 accessere
1223 1662 1377 1716 opeS‚
1412 1655 1470 1695 ut
1502 1642 1679 1697 Medis
1713 1644 1898 1719 perlu-

174 1741 294 1796 cida
346 1762 407 1795 ac
461 1740 644 1794 fluida.
699 1742 997 1795 Armorum
1049 1742 1261 1815 patrius
1314 1762 1374 1794 ac
1427 1744 1710 1817 Scythicus
1765 1766 1894 1798 mos.

172 1841 484 1894 Exercitum
519 1860 629 1893 non
666 1850 726 1893 ut
766 1837 880 1892 aliae
918 1851 1107 1914 gentes
1142 1838 1469 1910 liberorum,
1508 1842 1599 1895 sed
1639 1844 1897 1918 majorem

172 1951 381 2014 partem
410 1959 693 1993 servorum
726 1939 930 1993 habent
963 1960 974 1992 ς
1009 1960 1247 2014 quorum
1279 1939 1498 2014 vulgus7
1532 1940 1668 1995 nulli
1703 1964 1897 1997 manu-

172 2038 423 2093 mittendi
455 2050 721 2114 potestate
756 2039 1048 2114 permissa,
1085 2060 1145 2093 ac
1175 2060 1270 2114 per
1304 2040 1407 2094 hoc
1442 2043 1696 2096 omnibus
1732 2046 1898 2096 servis

173 2139 552 2208 nascentibus,
595 2139 650 2191 in
693 2138 804 2192 dies
852 2140 1058 2193 crescit.
1104 2142 1217 2193 Hos
1260 2141 1376 2215 pari
1423 2161 1482 2194 ae
1529 2140 1726 2197 liberos
1772 2164 1897 2196 suos

172 2260 299 2292 cura
333 2239 569 2307 habent,
604 2251 654 2293 et
692 2240 968 2314 equitare,
1004 2252 1055 2293 et
1105 2242 1359 2316 sagittare
1399 2262 1595 2317 magna
1630 2242 1897 2297 industria

171 2338 385 2392 (locent.
429 2337 916 2413 Locupletissimus
964 2352 1019 2392 ut
1069 2341 1299 2414 quisque
1343 2353 1455 2409 est,
1502 2343 1575 2394 ita
1617 2340 1799 2416 plures
1839 2345 1890 2396 in

170 2436 311 2490 bello
344 2437 551 2511 equites
583 2438 697 2511 regi
728 2457 826 2490 suo
858 2438 1078 2512 praebet.
1113 2439 1362 2513 Denique
1395 2441 1661 2510 Antonio,
1690 2440 1893 2494 bellum

169 2537 384 2590 Parthis
431 2536 719 2604 inferenti,
770 2557 938 2611 quum
990 2538 1383 2611 quinquaginta
1431 2537 1603 2592 millia
1651 2541 1893 2613 equitum

168 2647 546 2703 occurrerent,
578 2634 675 2689 soli
706 2655 836 2689 CCCC
862 2635 1017 2689 liberi
1044 2635 1209 2689 fuere.
1235 2639 1501 2692 Cominus
1529 2640 1585 2691 in
1612 2641 1725 2692 acie
1751 2661 1895 2714 proe-

167 2734 316 2804 liari,
358 2748 453 2789 aut
496 2735 734 2788 obsessas
776 2755 1086 2809 expugnare
1127 2736 1287 2789 urbes
1330 2738 1594 2791 nesciunt.
1640 2742 1893 2814 Pugnant

168 2849 261 2889 aut
282 2835 731 2911 procurrentibus
757 2836 931 2908 equiS‚
958 2848 1051 2889 aut
1074 2848 1225 2910 terga
1252 2836 1506 2890 dantibus
1532 2859 1541 2890 ε
1567 2859 1707 2912 saepe
1729 2840 1890 2893 etiam

169 2933 351 3009 fugam
387 2934 672 3005 simulant,
711 2947 768 2988 ut
800 2935 1128 2988 incautiores
1165 2934 1452 2988 adversum
1487 2935 1713 2991 vulnera
1746 2939 1877 2992 inse·

169 3047 394 3108 quentes
426 3036 679 3090 habeant.
723 3036 951 3108 Signum
992 3034 1075 3087 his
1116 3036 1171 3087 in
1212 3033 1403 3108 proelio
1444 3057 1550 3088 non
1595 3038 1756 3104 tuba⁷
1798 3038 1887 3091 sed

173 3145 429 3208 tympano
458 3134 633 3187 datur.
677 3136 792 3189 Nec
821 3155 1066 3208 pugnare
1099 3133 1192 3187 diu
1226 3148 1454 3208 possunt
1487 3157 1496 3188 :
1532 3149 1772 3190 ceterum
1806 3139 1889 3191 in-

172 3232 436 3287 tolerandi
479 3232 680 3298 forent‚
715 3235 785 3296 si,
821 3245 1056 3306 quantus
1088 3233 1170 3286 his
1204 3234 1437 3308 impetus
1478 3248 1552 3287 est
1574 3279 1585 3299 ‚
1620 3236 1698 3289 vis
1738 3248 1886 3290 tanta

169 3345 219 3387 et
253 3333 653 3408 perseverantia
690 3345 839 3386 esset.
880 3331 1210 3406 Plerumque
1244 3334 1294 3385 in
1337 3334 1454 3408 ipso
1489 3333 1682 3388 ardore
1715 3348 1887 3389 certa-

1596 3455 1640 3483 ⁷7,

1604 3484 1638 3506 s.
