2315 3868
534 336 979 383 HISTORIARUM
1018 334 1133 376 LIB.
1169 335 1440 378 xxxvlll.
1792 331 1847 374 35

135 459 292 512 pum,
331 440 511 495 fratris
549 442 720 495 filium
755 452 1110 515 cognoverat,
1147 451 1386 492 ceterum
1420 440 1645 494 infestus
1676 439 1853 492 onmi—

134 539 270 606 bus,
320 542 503 594 statim
554 541 646 593 ubi
694 538 1078 593 Alexandriam
1130 539 1404 612 ingressus
1454 551 1566 607 est,
1612 538 1852 592 fautores

137 641 290 713 pueri
340 638 600 692 trucidari
643 639 821 713 jussit.
869 641 1056 714 Ipsum
1107 656 1323 712 quoque
1370 636 1455 690 die
1498 638 1851 711 nuptiarum,

138 740 334 813 quibus
375 751 606 792 matrem
642 739 757 813 ejus
795 739 850 792 in
890 739 1301 792 matrimonium
1345 735 1672 811 recipiebat,
1715 738 1855 789 inter

139 849 431 912 apparatus
484 837 768 913 epularum
814 851 868 893 et
913 837 1158 892 solennia
1208 836 1567 913 religionum,
1615 837 1669 888 in
1713 857 1859 889 com-

139 936 301 1012 plexu
337 939 525 991 matris
561 939 820 993 interficit
850 960 861 993 :
896 951 1057 1013 atque
1102 939 1177 991 ita
1221 950 1404 992 torum
1446 937 1678 1005 sororiS,
1718 935 1858 989 caede

139 1036 234 1091 filii
272 1039 387 1112 ejus
427 1051 719 1108 cruentus,
759 1037 1018 1092 ascendit.
1056 1041 1186 1092 Post
1228 1035 1373 1112 quod
1422 1057 1533 1090 non
1570 1035 1756 1088 mitior
1806 1035 1856 1087 in

142 1137 460 1212 populareS,
496 1139 588 1213 qui
622 1159 744 1191 eum
784 1141 838 1192 in
871 1158 1100 1213 regnum
1132 1148 1484 1205 vocaverant,
1518 1135 1617 1188 fuit
1650 1156 1660 1187 :
1692 1135 1859 1209 siqui-

143 1236 265 1291 dem
294 1239 595 1312 peregrinis
624 1236 888 1290 militibus
921 1235 1140 1289 licentia
1167 1235 1323 1289 caedis
1354 1235 1503 1302 data,
1535 1235 1716 1287 omnia
1744 1254 1863 1287 san-

143 1338 307 1412 guine
338 1335 582 1410 quotidie
616 1335 914 1388 manabant
949 1356 959 1388 z
993 1336 1164 1409 ipsam
1201 1354 1417 1408 quoque
1455 1353 1721 1401 sororem,
1756 1331 1864 1387 filia

143 1437 256 1510 ejus
293 1435 504 1511 virgine
543 1455 640 1509 per
681 1435 791 1487 vim
834 1447 1107 1509 stuprata,
1143 1447 1195 1488 et
1234 1435 1287 1486 in
1322 1434 1734 1488 matrimonium
1771 1432 1864 1486 ad-

145 1536 301 1604 scita,
332 1534 600 1609 repudiat.
632 1535 847 1605 Quibus
878 1534 1039 1588 rebus
1068 1535 1287 1588 territus
1313 1531 1546 1608 populus
1572 1534 1628 1585 in
1655 1532 1864 1586 diversa

146 1636 372 1703 labitur,
407 1633 750 1708 patriamque
786 1645 934 1687 metu
972 1633 1162 1687 mortis
1197 1631 1347 1686 exsul
1389 1630 1666 1706 relinquit.
1709 1629 1866 1684 Solus

147 1734 315 1809 igitur
345 1734 401 1785 in
432 1744 582 1785 tanta
614 1733 750 1785 urbe
778 1752 903 1785 cum
933 1733 1041 1785 suis
1073 1731 1292 1784 relictus
1319 1729 1665 1800 Ptolemaeus,
1697 1751 1868 1805 quum

148 1854 331 1908 regem
362 1852 415 1885 se
452 1851 562 1885 non
595 1830 907 1900 hominum,
946 1829 1038 1884 sed
1072 1850 1367 1883 vacuarum
1400 1829 1596 1882 aedium
1630 1829 1867 1895 videret,

148 1932 326 1988 edicto
348 1931 666 2007 peregrinos
689 1927 957 1983 sollicitat.
981 1929 1200 2000 Quibus
1226 1927 1651 1995 confluentibUS,
1676 1929 1868 1982 obvius

151 2033 342 2111 legatis
376 2036 775 2100 Romanorum,
812 2031 1053 2106 Scipioni
1092 2029 1347 2084 Africano
1379 2040 1429 2082 et
1461 2030 1660 2103 Spurio
1690 2030 1867 2083 Mum-

150 2134 278 2204 mio,
318 2143 368 2185 et
405 2135 469 2186 L.
497 2132 755 2201 Metello,
791 2132 884 2205 qui
923 2130 991 2184 ad
1026 2129 1364 2205 inspicienda
1396 2129 1668 2182 sociorum
1704 2148 1871 2181 reona

1766 2172 1795 2204 t>

152 2232 480 2302 veniebant,
519 2230 782 2306 procedit.
829 2229 935 2285 Sed
974 2250 1138 2304 quam
1177 2241 1435 2284 cruentus
1477 2228 1718 2297 civibus,
1761 2239 1871 2280 tam

155 2330 417 2386 ridiculus
454 2332 717 2386 Romanis
748 2331 868 2384 fuit.
903 2333 1035 2384 Erat
1064 2330 1208 2384 enim
1237 2342 1290 2383 et
1317 2327 1471 2382 vultu
1502 2327 1783 2395 deformis,
1821 2339 1874 2380 et

156 2444 364 2486 statura
391 2431 593 2499 breviS,
623 2443 677 2484 et
705 2431 889 2505 sagina
921 2430 1126 2483 ventris
1155 2449 1264 2481 non
1295 2428 1531 2493 homini,
1563 2424 1654 2480 sed
1680 2423 1873 2478 helluae

157 2529 362 2584 similis.
395 2530 575 2600 Quam
606 2528 902 2582 foeditatem
932 2528 1098 2580 nimia
1133 2525 1400 2580 subtilitas
1430 2508 1723 2601 perlucidae
1755 2545 1874 2577 ves-

158 2632 225 2685 tis
256 2630 511 2705 augebat,
540 2648 762 2703 prorsus
793 2628 944 2701 quasi
974 2638 1093 2680 astu
1125 2624 1457 2700 inspicienda
1487 2625 1873 2699 praeberentur,

159 2751 277 2805 quae
308 2730 456 2783 omni
490 2727 669 2782 studio
699 2724 1019 2780 occultanda
1048 2724 1371 2800 pudibundo
1402 2725 1519 2777 viro
1550 2735 1719 2777 erant.
1749 2726 1877 2778 Post

161 2829 451 2883 discessum
495 2826 689 2880 deinde
741 2824 1041 2900 legatorum
1083 2824 1357 2899 (quorum
1394 2821 1708 2889 AfricanUS,
1748 2820 1876 2874 dum

161 2929 378 3001 inspicit
409 2927 630 2995 urbem,
661 2920 967 2999 spectaculo
989 2920 1373 2975 Alexandrinis
1402 2920 1547 2996 fuit),
1568 2921 1682 2995 jam
1713 2921 1873 2974 etiam

164 3025 366 3101 populo
408 3026 696 3101 peregrino
737 3023 969 3088 invisus,
1019 3041 1142 3074 cum
1188 3018 1329 3085 filio,
1375 3039 1536 3093 quem
1581 3039 1645 3071 ex
1693 3038 1876 3072 sorore

164 3138 502 3199 susceperat,
533 3137 587 3178 et
615 3144 738 3177 cuin
777 3141 973 3187 uxore,
1006 3121 1193 3172 matris
1223 3117 1445 3193 pellice,
1472 3131 1621 3172 metu
1656 3117 1875 3172 insidia-

163 3246 311 3293 rum,
337 3225 533 3277 tacitus
558 3224 612 3276 in
639 3221 885 3276 exsilium
910 3218 1299 3295 proficiscitur,
1323 3229 1711 3291 contractoque
1735 3237 1875 3270 mer-

165 3325 382 3377 cenario
411 3324 681 3390 exercitu,
713 3320 916 3374 bellum
952 3321 1123 3374 sorori
1161 3319 1362 3392 pariter
1390 3339 1449 3371 ac
1481 3317 1666 3392 patriae
1698 3316 1873 3370 infert.
