2248 3697
565 222 902 266 HIS'l'ORlAR
913 223 1002 264 UM
1032 226 1144 266 LIB.
1180 226 1379 270 XXXII.
1775 223 1830 268 53⁹·

119 325 331 391 Asiam,
368 346 491 400 pars
530 327 583 377 in
626 324 922 378 Thraciam
966 337 1207 380 extorres
1256 328 1522 402 fugerant.
1566 328 1696 382 Inde
1738 350 1834 404 per

120 423 307 477 eadem
339 424 562 498 vestigia
582 466 596 492 ,
627 444 734 497 qua
766 435 1059 494 venerant,
1095 426 1374 499 antiquam
1412 430 1643 503 patriam
1680 449 1833 504 repe-

123 523 305 575 tivere.
339 524 419 574 Ex
452 522 533 575 his
565 541 755 575 manus
788 521 1037 597 quaedam
1074 525 1129 577 in
1166 523 1474 579 confluente
1508 528 1749 582 Danubii
1781 541 1833 581 et

121 621 244 673 Savi
275 619 541 690 consedit,
578 620 999 697 Scordiscosque
1034 644 1087 676 se
1118 622 1380 698 appellari
1414 623 1602 677 voluit.
1637 629 1834 680 Tecto-

121 720 231 792 sagi
265 730 474 790 autem,
510 741 679 793 quum
714 723 767 774 in
800 723 1081 796 antiquam
1117 725 1345 798 patriam
1376 721 1630 777 Tolosam
1665 726 1836 778 venis-

121 830 268 888 sent,
317 820 802 896 comprehensique
848 822 1101 896 pestifera
1146 821 1233 876 lue
1279 834 1483 893 essent,
1532 844 1641 876 non
1689 824 1836 897 prius

122 918 406 972 sanitatem
436 920 822 994 reciperavere,
844 941 1030 996 quam,
1052 922 1402 997 haruspicum
1431 923 1699 996 responsis
1725 942 1839 975 mo-

123 1018 251 1084 niti,
300 1039 496 1073 aurum
553 1033 952 1096 argentumque
999 1020 1152 1076 bellis
1207 1022 1605 1098 sacrilegiisque
1651 1023 1840 1096 quaesi-

125 1130 240 1172 tum
263 1120 317 1173 in
339 1118 684 1174 Tolosensem
709 1121 886 1174 lacum
914 1135 1240 1197 mergerent.
1263 1121 1430 1193 Quod
1452 1142 1612 1176 omne
1643 1142 1840 1197 magno

124 1228 244 1291 post
292 1229 535 1292 tempore
565 1219 749 1293 Caepio
770 1262 784 1289 ,
817 1240 1078 1274 romanus
1122 1218 1347 1289 consul,
1382 1219 1621 1274 abstulit.
1670 1223 1842 1274 Fuere

123 1327 305 1370 autem
338 1317 547 1391 argenti
579 1317 767 1392 pondo
800 1332 1019 1374 centum
1051 1319 1236 1374 decem
1268 1319 1438 1374 millia
1470 1341 1479 1373 :
1509 1320 1626 1374 auri
1659 1319 1842 1395 pondo

123 1416 412 1489 quinquies
440 1415 614 1470 decies
644 1430 864 1471 centum
896 1417 1082 1472 millia.
1116 1419 1283 1489 Quod
1309 1418 1652 1494 sacrilegium
1683 1439 1842 1473 causa

124 1514 318 1568 excidii
351 1516 596 1590 Caepioni
632 1518 1005 1592 exercituique
1042 1519 1157 1593 ejus
1189 1530 1375 1593 postea
1408 1519 1526 1572 fuit.
1567 1522 1844 1573 Romanos

126 1635 342 1690 quoque
374 1616 636 1670 Cimbrici
664 1614 789 1669 belli
817 1616 1109 1686 tumultus,
1141 1616 1290 1671 velut
1319 1617 1467 1672 ultor
1491 1639 1652 1671 sacrae
1681 1638 1844 1693 pecu-

124 1716 248 1784 niae,
281 1716 558 1769 insecutus
592 1726 688 1768 est.
723 1717 805 1768 Ex
836 1727 995 1790 gente
1027 1718 1456 1792 Tectosagorum
1495 1737 1605 1770 non
1644 1715 1847 1771 medio-

124 1817 227 1868 cris
254 1812 517 1890 populus,
547 1812 740 1889 praedae
765 1811 1080 1883 dulcedine,
1112 1814 1393 1890 Illyricum
1420 1817 1697 1890 repetivit,
1725 1836 1848 1890 spo-

125 1913 373 1990 liatisque
411 1914 589 1981 Istris,
623 1916 676 1966 in
714 1915 995 1968 Pannonia
1035 1915 1291 1969 consedit.
1330 1917 1597 1969 Istrorum
1632 1926 1847 1990 gentem

125 2014 265 2069 fama
292 2026 372 2069 est
400 2015 666 2089 originem
694 2035 722 2067 a
749 2012 968 2067 Colchis
1000 2013 1223 2082 ducere,
1252 2016 1427 2069 missis
1453 2014 1520 2068 ab
1547 2015 1695 2068 AEeta
1722 2034 1848 2090 rege

126 2113 193 2167 ad
226 2119 601 2189 Argonautas,
635 2126 991 2188 raptoresque
1022 2111 1142 2167 filiae
1179 2112 1581 2189 persequendos
1615 2133 1625 2165 ε
1658 2115 1752 2187 qui
1790 2126 1847 2167 ut

127 2233 156 2265 a
188 2216 363 2267 Ponto
389 2214 733 2267 intraverunt
756 2214 988 2281 Istrum,
1020 2210 1174 2266 alveo
1206 2214 1329 2267 Savi
1361 2212 1600 2266 fluminis
1630 2212 1848 2286 penitus

130 2312 360 2379 invecti,
393 2311 616 2385 vestigia
645 2313 1090 2385 Argonautarum
1125 2312 1499 2385 insequenteS,
1533 2331 1697 2365 naves
1728 2330 1848 2364 suas

127 2411 369 2465 humeris
415 2431 511 2486 per
558 2412 691 2486 juga
742 2411 1015 2464 montium
1063 2430 1236 2484 usque
1285 2409 1353 2464 ad
1406 2408 1534 2463 litus
1587 2408 1848 2465 Adriatici

129 2511 291 2565 maris
341 2508 741 2564 transtulerunt
761 2552 774 2577 ,
824 2509 1044 2584 cognito
1065 2551 1078 2577 ,
1128 2509 1275 2583 quod
1329 2511 1655 2583 Argonautae
1706 2506 1848 2561 idem

131 2621 354 2686 propter
392 2608 823 2685 magnitudinem
863 2609 1014 2662 navis
1054 2610 1262 2682 priores
1294 2607 1546 2662 fecissent
1579 2628 1590 2660 z
1624 2627 1759 2681 quos
1790 2619 1853 2661 ut

130 2721 342 2764 avectos
364 2707 557 2764 Colchi
582 2729 691 2761 non
717 2708 1023 2781 reperiunt,
1051 2707 1161 2760 sive
1186 2718 1338 2761 metu
1357 2707 1524 2781 regiS,
1555 2707 1664 2759 sive
1690 2703 1851 2759 taedio

131 2809 304 2885 longae
334 2807 720 2883 navigationis,
748 2808 903 2882 juxta
931 2803 1237 2879 Aquileiam
1267 2804 1582 2872 consedere3
1615 2806 1849 2878 Istrique

133 2929 196 2962 ex
227 2905 498 2962 vocabulo
528 2907 734 2975 amnis,
767 2926 876 2980 quo
909 2925 937 2958 a
969 2905 1105 2958 mari
1137 2916 1541 2974 concesserant,
1573 2901 1850 2979 appellati.

132 3008 270 3061 Daci
303 3027 521 3082 quoque
559 3003 770 3060 soboles
807 3007 1074 3060 Getarum
1114 3016 1241 3058 sunt
1276 3025 1286 3057 ε
1320 3005 1413 3080 qui
1451 3025 1648 3078 quum,
1684 3001 1852 3058 Orole

134 3125 282 3182 rege,
312 3103 569 3160 adversus
599 3109 887 3160 Bastarnas
919 3102 1059 3158 male
1089 3117 1451 3179 pugnassent,
1484 3099 1552 3156 ad
1586 3100 1848 3171 ultionem

134 3204 402 3276 segnitiae,
449 3205 659 3267 capturi
710 3224 961 3258 somnum
1009 3204 1188 3268 capita
1237 3201 1355 3257 loro
1406 3200 1603 3273 pedum
1651 3222 1852 3277 ponere
