2315 3868
469 548 803 636 NOTAE
853 549 971 632 IN
1023 549 1074 630 J
1080 548 1466 631 USTINI

601 766 932 811 IIISTORIAS
961 765 1346 808 PHILIPPICAS

385 958 516 1024 EX
591 957 969 1025 TROGO
1045 953 1558 1023 POMPEIO.

803 1169 1202 1184 ..(..——‘-—---—

662 1343 731 1386 IN
769 1342 1049 1385 LIBRUM
1085 1342 1304 1384 XXIII.

187 1497 291 1541 Cn».
318 1498 354 1540 Ι.
385 1499 614 1540 Lucanos.
643 1496 772 1550 Quos
796 1511 822 1538 a
845 1493 1131 1539 Samnitibus
1158 1493 1389 1552 originem
1416 1492 1610 1537 traxisse
1642 1501 1856 1536 auctores

120 1582 228 1618 sunt
243 1573 440 1627 Plinius,
471 1573 500 1615 1.
527 1588 615 1627 111,
642 1587 679 1615 c.
711 1569 761 1626 5,
789 1579 833 1614 et
855 1570 1047 1625 Strabo,
1063 1570 1144 1613 lib.
1170 1586 1226 1624 v;
1252 1569 1328 1613 hic
1352 1571 1589 1625 Lucanos,
1613 1568 1857 1613 OEnotriis

122 1651 299 1709 ejectis,
317 1665 478 1694 eorum
494 1649 652 1693 sedem
674 1648 895 1691 invasisse
919 1647 1073 1691 tradit.
1099 1648 1281 1690 Lucani
1300 1663 1324 1689 a
1349 1647 1435 1690 bos
1459 1648 1607 1700 Luca,
1633 1644 1684 1689 id
1697 1653 1765 1689 est
1786 1647 1857 1688 lu—

124 1730 274 1781 cidus,
304 1743 478 1771 nomen
507 1726 632 1770 nacti
660 1734 852 1780 sunt,ut
866 1726 982 1767 Itali
993 1725 1052 1767 ab
1078 1732 1228 1781 ἰ’ταλος,
1252 1724 1448 1779 vitulus;
1479 1723 1710 1766 Bacchum
1734 1720 1858 1766 enim

125 1806 210 1848 sub
223 1803 414 1848 nornine
432 1801 567 1845 bovis
595 1802 758 1854 Lucoe,
779 1817 860 1844 seu
875 1800 1012 1844 bovis
1031 1800 1144 1843 facie
1161 1801 1363 1843 humana
1384 1799 1566 1858 praediti
1578 1832 1591 1855 ,
1619 1799 1836 1842 colebant
1849 1831 1860 1851 ‚

126 1891 171 1924 et
187 1881 236 1924 in
265 1879 404 1939 sylvis
422 1878 668 1937 degebant.
694 1879 892 1936 Insuper
915 1876 1040 1936 apud
1057 1892 1136 1920 eos
1162 1892 1298 1919 mons
1323 1885 1420 1920 erat
1440 1876 1544 1920 Sila
1559 1910 1573 1930 ,
1599 1876 1677 1919 vel
1690 1875 1860 1920 rectius

131 1958 264 2014 Syla,
291 1957 466 2016 sylvam
483 1955 722 2014 ingentem
738 1954 916 1998 habens
942 1953 1147 2011 ejusdem
1161 1952 1388 2008 nominis,
1405 1952 1663 1996 latrociniis
1688 1951 1863 1996 crebris

128 2034 372 2089 infamem,
403 2032 546 2076 hodie
582 2035 632 2075 la
668 2032 768 2075 Sila
792 2031 992 2086 dictam,
1016 2046 1040 2074 a
1065 2039 1182 2088 σύλη,
1207 2030 1384 2088 praeda,
1409 2039 1485 2072 aut
1509 2030 1664 2088 potius
1688 2029 1748 2072 ab
1771 2039 1863 2085 ὕλη,

130 2113 278 2171 sylva,
306 2111 431 2155 unde
456 2119 500 2154 et
526 2111 656 2165 sylva
685 2109 841 2152 latine.
876 2108 991 2151 Vide
1020 2107 1166 2162 infra,
1198 2115 1322 2161 not.,
1347 2122 1520 2160 xxxv1,
1549 2121 1590 2150 2.

199 2188 494 2246 Bruttiosque
503 2202 554 2230 se
564 2201 622 2229 ex
638 2186 823 2229 nomine
838 2184 1040 2228 mulieris
1053 2181 1275 2245 (Bruttiae)
1292 2192 1576 2227 vocaverunt.
1589 2184 1774 2237 Bruttii,
1793 2190 1868 2225 aut

132 2264 301 2308 rectius
319 2264 481 2316 Brutii,
502 2263 614 2306 olim
628 2263 923 2305 Lucanorum
937 2270 1147 2320 pastores
1161 2260 1365 2315 fuerunt,
1383 2260 1484 2319 qui,
1502 2260 1640 2304 rebus
1657 2269 1870 2318 tempore

131 2339 371 2400 Dionysii,
401 2340 450 2383 id
479 2348 546 2383 est
576 2339 768 2394 Bacchi,
791 2338 1008 2392 turbatis,
1043 2338 1101 2381 ab
1125 2338 1180 2380 iis
1209 2337 1478 2381 defecerunt
1502 2332 1645 2396 (sicut
1662 2345 1871 2395 pastores

134 2417 322 2461 Hebraei
336 2417 396 2460 ab
425 2415 671 2475 AEgyptiis,
695 2415 810 2458 duce
831 2414 1090 2476 Moyse),et
1111 2430 1302 2458 excusso
1325 2413 1557 2458 servitutis
1579 2413 1694 2472 jugo
1709 2447 1721 2469 ,
1745 2422 1873 2458 trans

136 2496 281 2537 Laum
311 2490 502 2535 fluvium
532 2492 662 2535 sedes
694 2501 951 2550 posuerunt
983 2509 991 2534 ε
1022 2492 1146 2535 unde
1181 2500 1225 2535 et
1252 2500 1427 2553 Βρέντιοι
1451 2506 1475 2534 a
1499 2491 1723 2546 Lucanis,
1758 2499 1874 2534 teste

138 2571 397 2625 Strabone,
432 2569 516 2613 lib.
543 2585 620 2624 vl,
650 2567 766 2612 dicti
792 2576 922 2623 sunt,
952 2568 1079 2626 quod
1124 2568 1313 2610 illorum
1346 2566 1506 2626 lingua
1514 2566 1763 2627 fugitivos,
1800 2583 1872 2610 re—

138 2649 299 2701 belles,
337 2655 584 2706 apostatas
615 2653 769 2700 sonat,
793 2660 815 2687 a
846 2659 995 2704 graeco
1027 2644 1147 2688 forte
1178 2651 1349 2706 βρένθος,
1383 2643 1550 2699 fastus,
1580 2643 1875 2702 arrogantia,

140 2724 377 2783 superbia,
414 2731 646 2786 βρενθύομαι
662 2762 672 2779 ,
695 2721 924 2765 fastuosus
949 2737 1049 2764 sum
1081 2729 1126 2764 et
1152 2734 1397 2779 arrogans,
1423 2720 1669 2779 superbio,
1704 2720 1876 2773 fremo,

140 2801 458 2844 immurmuro.
492 2803 529 2843 A
545 2799 771 2843 Romanis
797 2807 949 2841 autem
977 2798 1126 2841 Brutiz'
1148 2797 1371 2856 appellati
1403 2807 1530 2852 sunt,
1556 2797 1686 2855 quasi
1718 2799 1870 2850 Bruti,

145 2877 235 2920 hoc
266 2886 333 2920 est
362 2876 559 2935 stupidi,
588 2875 736 2930 stulti,
776 2875 894 2919 sicut
930 2876 1094 2918 Lucius
1128 2874 1290 2917 Junius
1338 2875 1528 2928 Brutus,
1569 2874 1647 2932 qui
1687 2890 1733 2917 se
1769 2875 1876 2916 bru—

147 2964 238 2996 tum
274 2953 530 3010 simulavit3
555 2961 632 2996 aut
665 2953 792 2995 bruta
829 2951 1073 3007 animalia,
1098 2951 1212 2995 sicut
1246 2951 1333 2994 bos
1367 2952 1521 2993 Lucas
1556 2966 1633 2994 seu
1672 2952 1878 2994 Bacchus

148 3030 545 3088 Taurocephalus,
560 3029 611 3072 in
636 3029 731 3073 Sila
759 3029 883 3088 sylva
914 3043 1106 3087 pascens
1125 3028 1199 3071 vel
1216 3027 1412 3086 degens;
1437 3026 1556 3070 sicut
1579 3027 1667 3070 bos
1691 3027 1880 3079 Cadmi,

148 3105 275 3149 unde
310 3115 354 3148 et
386 3105 586 3160 Boeotia,
619 3106 760 3148 Bovis·
787 3105 919 3148 sedes
929 3122 946 3158 ,·
977 3104 1091 3148 sicut
1129 3104 1215 3147 bos
1250 3103 1297 3146 in
1341 3103 1457 3147 urbe
1494 3103 1678 3160 Oxfoml
1707 3102 1882 3164 <Bovis

148 3180 297 3242 vado)
343 3181 455 3224 olim
500 3182 669 3235 cultus,
703 3181 939 3239 hodieque
975 3181 1097 3224 John
1130 3182 1246 3223 Ball
1283 3180 1431 3223 dictus
1473 3178 1486 3237 ζ
1496 3195 1664 3238 nempe
1705 3180 1828 3223 John
1858 3198 1882 3222 a

150 3259 314 3302 Iunius
338 3259 534 3311 Brutus,
572 3260 685 3301 Bull
712 3268 949 3302 contracte
973 3276 999 3302 a
1029 3259 1245 3310 bubalus,
1280 3258 1442 3316 gallice
1470 3256 1645 3313 huffe),
1676 3257 1800 3300 idem
1833 3274 1884 3301 ac

153 3336 317 3377 Brutus
334 3368 348 3389 ,
370 3333 532 3392 gallice
553 3336 596 3377 le
618 3336 755 3387 Brut,
777 3335 996 3380 conditor
1014 3335 1163 3393 gentis
1187 3335 1512 3376 Britannorum
1538 3341 1582 3375 et
1607 3334 1850 3376 Brz‘tonum
1869 3367 1880 3383 ‚
