2248 3697
591 232 1022 278 HISTORIARUM
1056 234 1168 275 LIB.
1204 234 1414 276 XXXVI.
1796 244 1847 283 71

143 359 252 391 non
298 337 502 413 populo
545 358 598 390 se
641 334 957 402 ostendere,
1008 354 1116 386 non
1167 332 1312 386 domi
1358 334 1562 387 laetiora
1608 333 1854 388 convivia

144 438 303 505 inire,
340 449 433 489 aut
462 434 681 508 aliquod
716 435 933 508 signum
964 432 1078 485 sani
1110 432 1344 484 hominis
1379 431 1600 502 habere,
1632 453 1853 508 prorsus

143 547 201 588 ut
261 555 444 609 poenas
498 533 731 608 pendere
786 533 1036 586 manibus
1091 530 1501 585 interfectorum
1559 531 1851 586 videretur.

145 634 357 688 Omissa
397 632 591 686 deinde
631 633 784 707 regni
826 630 1323 698 administratione,
1361 629 1548 683 hortos
1586 630 1852 700 fodiebat,

144 732 387 807 gramina
413 732 735 799 seminabat,
761 743 813 784 et
836 731 997 784 noxia
1024 730 1253 783 innoxiis
1280 728 1660 804 permiscebat,
1687 751 1855 804 eaque

143 833 323 885 omnia
374 833 567 885 veneni
619 851 778 886 succo
827 831 1054 901 infecta,
1107 829 1255 883 velut
1305 826 1577 903 peculiare
1624 849 1854 898 munuS,

142 931 326 985 amicis
361 932 624 985 mittebat.
661 931 742 986 Ab
777 931 881 984 hoc
918 930 1123 998 studio,
1159 930 1356 983 aerariae
1394 929 1524 982 artis
1557 928 1770 982 fabricae
1803 950 1856 982 se

144 1029 341 1099 tradit,
382 1032 626 1104 cerisque
667 1030 966 1105 fingendis,
1005 1042 1057 1082 et
1093 1050 1195 1084 aere
1229 1027 1508 1082 fundendo
1548 1027 1856 1102 procuden-

144 1129 321 1203 ‹loque
347 1128 738 1182 oblectabatur.
767 1129 935 1182 Matri
957 1127 1151 1181 deinde
1174 1126 1484 1201 sepulcrum
1510 1127 1684 1181 facere
1709 1128 1859 1181 insti-

143 1229 247 1280 tuit
280 1249 290 1280 ε
326 1228 414 1280 cui
450 1227 601 1302 operi
636 1227 902 1296 intentus,
938 1227 1192 1279 morbum
1230 1246 1294 1279 ex
1328 1224 1454 1279 solis
1486 1224 1698 1279 fervore
1730 1245 1859 1278 con-

143 1327 328 1394 traxit,
365 1338 416 1379 et
457 1327 685 1401 septima
722 1326 807 1380 die
843 1326 1082 1381 decessit.
1126 1326 1304 1400 Hujus
1344 1337 1665 1379 testamento
1704 1324 1859 1378 heres

144 1425 378 1501 populus
417 1447 676 1480 romanus
715 1439 845 1480 tunc
877 1426 1200 1480 instituitur.
1237 1424 1341 1480 Sed
1373 1437 1488 1478 erat
1519 1445 1582 1478 ex
1613 1425 1858 1479 Eumene

144 1527 512 1595 Aristonicus,
546 1547 655 1579 non
677 1527 826 1600 justo
852 1526 1228 1595 matrimonio,
1257 1524 1348 1579 sed
1376 1545 1440 1578 ex
1465 1523 1653 1599 pellice
1682 1524 1861 1598 Ephe-

146 1627 247 1692 sia,
280 1626 570 1679 citharistae
595 1625 878 1700 cujusdam
910 1624 1045 1693 filia,
1079 1626 1318 1699 genitus,
1345 1625 1438 1697 qui
1466 1635 1588 1698 post
1624 1635 1856 1676 mortem

142 1723 340 1791 Attali,
377 1721 522 1777 velut
565 1735 854 1799 paternum
895 1744 1158 1799 regnum,
1193 1724 1377 1777 Asiam
1418 1722 1629 1775 invasit.
1668 1724 1857 1792 Quum

146 1822 316 1877 inulta
348 1823 584 1877 secunda
614 1822 803 1898 proelia
835 1822 1090 1878 adversus
1118 1824 1384 1889 civitateS,
1418 1843 1536 1897 quae
1567 1832 1714 1875 metu
1748 1824 1860 1875 Ro-

144 1944 434 1978 manorum
466 1923 681 1978 tradere
716 1944 769 1977 se
798 1924 845 1977 ei
876 1922 1159 1992 nolebant,
1192 1923 1423 1991 fecisset,
1453 1923 1741 1997 justusque
1770 1941 1862 1975 rex

140 2023 250 2096 jam
281 2022 583 2090 videretur,
621 2024 747 2077 Asia
781 2023 995 2077 Licinio
1029 2025 1225 2078 Crasso
1257 2020 1466 2075 consuli
1498 2020 1814 2075 decernitur
1850 2043 1859 2073 :

144 2122 235 2194 qui
259 2122 519 2175 intentior
539 2121 783 2177 Attalicae
805 2121 1020 2197 praedae,
1048 2142 1212 2196 quam
1234 2119 1403 2188 bello,
1427 2140 1597 2195 quum
1623 2131 1861 2173 extremo

146 2221 271 2273 anni
302 2232 546 2295 tempore
574 2222 884 2275 inordinata
912 2222 1026 2275 acie
1054 2220 1303 2296 proelium
1337 2220 1724 2288 conseruisset,
1755 2220 1863 2272 vic-

145 2333 230 2374 tus
263 2341 447 2395 poenas
482 2320 799 2375 inconsultae
835 2323 1072 2375 avaritiae
1109 2323 1370 2397 sanguine
1405 2319 1567 2374 dedit.
1600 2323 1666 2373 In
1697 2319 1862 2392 hujus

144 2418 324 2474 locum
349 2421 541 2474 missus
564 2423 846 2496 Perpenna
869 2420 1083 2491 consul,
1110 2423 1285 2495 prima
1307 2420 1689 2495 congressione
1711 2419 1862 2473 Aris-

146 2521 392 2574 tonicum
427 2532 736 2595 superatum
774 2521 827 2573 in
857 2532 1179 2596 potestatem
1213 2541 1365 2574 suam
1402 2519 1635 2594 redegit3
1666 2516 1862 2573 Attali-

146 2640 339 2693 casque
372 2640 553 2695 gazas,
587 2619 939 2673 hereditarias
974 2619 1162 2695 populi
1194 2621 1453 2689 Romani,
1490 2619 1719 2673 navibus
1760 2620 1860 2672 im—

146 2721 371 2792 positas,
403 2723 633 2773 Romam
665 2719 986 2794 deportavit.
1019 2719 1181 2791 Quod
1214 2740 1352 2794 aegre
1380 2720 1554 2773 ferens
1587 2739 1861 2773 successor

146 2820 259 2891 ejus
306 2821 383 2872 M.
429 2817 679 2893 Aquilius
726 2818 945 2888 consul,
993 2819 1060 2872 ad
1111 2819 1449 2893 eripiendum
1491 2819 1861 2874 Aristonicum

152 2919 466 2991 Perpennae,
513 2917 678 2972 veluti
722 2920 803 2971 sui
847 2919 1027 2993 potius
1074 2918 1337 2992 triumphi
1377 2939 1573 2972 munus
1617 2938 1728 2972 esse
1771 2918 1862 2971 de-

149 3016 334 3084 beret,
372 3016 619 3072 festinata
655 3016 938 3072 velocitate
975 3018 1273 3072 contendit.
1316 3017 1421 3072 Sed
1454 3019 1861 3072 contentionem

147 3113 435 3168 consulum
463 3137 607 3170 mors
630 3120 926 3192 Perpennae
951 3117 1183 3170 diremit.
1211 3118 1297 3171 Sic
1328 3120 1454 3172 Asia
1480 3121 1858 3172 Romanorum

147 3214 284 3269 facta
306 3235 429 3269 cum
457 3217 649 3292 opibus
676 3219 784 3271 suis
815 3218 943 3271 vitia
969 3237 1185 3290 quoque
1207 3221 1434 3271 Romam
1464 3219 1779 3272 transmisit.
