2315 3868
413 388 425 414 1
442 377 496 424 24
727 373 752 414 J
756 371 938 414 USTIN
943 371 965 412 I
1001 368 1441 414 HISTORIARUM
1477 369 1591 413 LIB.
1621 368 1787 411 XLIV.

411 487 554 528 terea
599 471 898 526 Gaditanos
946 471 1086 526 bello
1129 471 1543 540 lacessentibus,
1590 468 1849 524 auxilium
1889 489 2114 522 consan-

408 571 614 646 guineis
650 571 1124 646 Carthaginienses
1155 571 1363 624 misere.
1396 570 1478 623 Ibi
1515 566 1654 623 felici
1689 566 2029 642 expeditione
2059 578 2111 621 et

408 668 710 723 Gaditanos
741 670 806 722 ab
839 671 1037 745 injuria
1065 667 1505 739 vindicaverunt,
1536 680 1589 722 et
1617 667 1878 742 majorem
1906 676 2116 740 partem

407 768 699 842 provinciae
738 769 964 843 imperio
1003 787 1100 820 suo
1144 766 1472 840 adjecerunt.
1514 769 1706 821 Postea
1746 784 1962 840 quoque
1996 763 2121 816 hor-

409 866 648 920 tantibus
671 868 859 942 primae
895 865 1251 940 expeditionis
1282 865 1560 940 auspiciis,
1595 863 1917 919 Amilcarem
1953 863 2120 936 impe-

410 977 646 1019 ratorem
684 985 808 1018 cum
846 984 1043 1040 magna
1074 984 1242 1017 manu
1275 962 1342 1017 ad
1375 963 1750 1037 occupandam
1783 962 2119 1037 provinciam

410 1064 601 1117 misere
634 1085 644 1116 :
682 1064 774 1137 qui
804 1064 1013 1137 magnis
1043 1064 1202 1117 rebus
1234 1064 1423 1138 gestiS,
1455 1062 1585 1115 dum
1619 1062 1898 1116 fortunam
1928 1062 2121 1115 incon—

411 1161 604 1216 sultius
630 1162 897 1235 sequitur,
923 1161 978 1214 in
1004 1161 1225 1215 insidias
1249 1161 1541 1231 deductUS,
1566 1160 1851 1215 occiditur.
1874 1161 1940 1214 In
1960 1160 2125 1234 hujus

411 1259 592 1314 locum
623 1280 785 1335 gener
804 1250 973 1334 ¹ipsius
993 1258 1262 1315 Asdrubal
1295 1261 1553 1326 mittitur3
1585 1261 1678 1334 qui
1711 1261 1898 1335 etipse
1920 1279 1950 1313 a
1971 1278 2126 1312 servo

415 1359 636 1433 Hispani
676 1357 989 1433 cujusdam,
1031 1357 1322 1412 ulciscente
1364 1358 1569 1413 domini
1610 1360 1868 1433 injustam
1911 1378 2128 1426 necem,

415 1456 725 1510 interfectus
751 1468 844 1511 cst.
866 1457 1046 1530 Major
1078 1469 1313 1530 utroque
1341 1455 1574 1512 Annibal
1605 1457 1931 1532 imperator,
1958 1455 2128 1511 Amil-

419 1556 558 1608 caris
593 1554 765 1623 filius,
799 1553 1073 1608 succedit:
1101 1553 1368 1629 siquidem
1402 1555 1687 1628 utriusque
1721 1576 1806 1608 res
1845 1567 2019 1630 gestas
2045 1575 2131 1608 su-

416 1672 758 1728 pergreSSUS,
797 1652 1107 1707 universam
1158 1652 1476 1727 Hispaniam
1528 1651 1740 1706 domuit
1791 1674 1802 1707 :
1844 1652 1969 1707 inde
2016 1656 2124 1707 Ro·

416 1753 586 1805 manis
628 1749 777 1805 illato
818 1750 991 1819 bello,
1034 1751 1245 1806 Italiam
1291 1772 1390 1827 per
1434 1772 1605 1805 annos
1652 1752 1918 1806 sexdecim
1962 1754 2126 1806 variis

415 1849 654 1904 cladibus
681 1850 926 1925 fatigavit
952 1871 961 1903 :
987 1870 1157 1924 quum
1180 1851 1385 1904 interea
1404 1851 1635 1904 Romani
1661 1852 1834 1906 missis
1858 1854 1911 1905 in
1935 1854 2127 1928 Hispa-

420 1951 561 2003 niam
601 1949 969 2024 Scipionibus,
1007 1949 1184 2023 primo
1223 1951 1416 2004 Poenos
1452 1951 1733 2025 provincia
1771 1949 2126 2026 expulerunt3

419 2061 604 2122 postea
641 2067 765 2100 cum
803 2049 930 2121 ipsis
968 2047 1221 2122 Hispanis
1266 2049 1451 2122 gravia
1489 2046 1629 2102 bella
1669 2063 1969 2125 gesserunt.
2012 2054 2132 2107 Nec

421 2148 600 2220 prius,
652 2145 954 2221 perdomita
1005 2148 1315 2221 provincia,
1358 2148 1555 2223 jugum
1603 2150 1830 2223 Hispani
1882 2151 2129 2226 accipere

418 2259 741 2322 potuerunt,
772 2266 933 2323 quam
964 2248 1142 2303 Caesar
1167 2250 1471 2323 Augustus,
1502 2247 1811 2321 perdomito
1838 2249 1994 2317 orbe,
2022 2251 2133 2304 vic-

418 2348 571 2399 tricia
604 2346 671 2400 ad
704 2368 792 2401 eos
824 2368 973 2401 arma
1004 2345 1309 2415 transtulit,
1342 2344 1716 2420 populumque
1746 2346 2039 2402 barbarum
2071 2370 2131 2404 ac

418 2444 625 2515 ferum,
664 2444 871 2520 legibus
908 2445 970 2498 ad
1014 2443 1296 2498 cultiorem
1335 2444 1456 2499 vitae
1498 2465 1654 2498 usum
1697 2444 2042 2517 traductum,
2079 2450 2132 2502 in

418 2543 648 2598 formam
678 2545 969 2619 provinciae
1000 2542 1221 2618 redegit.
