2315 3868
754 293 996 337 LIBRUM
1031 294 1118 336 XX
1129 296 1206 338 IV.
1759 307 1778 335 1
1791 306 1814 334 2
1824 302 1846 342 7

666 474 741 515 IN
782 472 1065 514 LIBRUM
1101 473 1299 515 XXIV.

194 625 296 668 CAP.
328 626 362 667 I.
402 624 667 668 Citrlzoeum.
705 625 771 666 Ita
803 622 992 677 rectius,
1029 637 1115 680 pro
1153 621 1371 665 Cirroeum
1390 653 1404 673 ‚
1442 622 1621 680 scripsit
1660 625 1716 667 D.
1751 624 1844 667 Le-

127 701 295 754 maire,
327 715 381 742 ex
427 698 672 753 Pausania,
719 698 797 741 ubi
837 708 903 741 est
947 698 1056 741 urbs
1088 705 1236 760 Κίῤῥα,
1270 696 1393 754 cujus
1430 713 1601 742 nomen
1645 699 1791 742 oritur
1822 716 1845 742 a

127 785 271 839 κῑῤῥος,
301 775 449 817 fulvus
480 789 560 818 seu
595 775 765 833 gilvus,
799 782 934 837 κιρῥίς,
969 774 1199 832 accipitris
1233 782 1277 818 et
1310 773 1447 832 piscis
1479 773 1593 816 fulvi
1626 775 1811 832 species.

191 852 292 894 CAP.
330 851 392 893 II.
429 850 638 894 Dionem.
675 852 743 893 Ita
776 852 953 909 recepi,
996 851 1059 894 ait
1104 853 1158 894 D.
1193 850 1428 904 Lemaire,
1463 864 1519 893 ex
1562 849 1846 894 editionibus

126 927 327 985 antiquis
358 942 444 986 pro
491 927 787 971 Chodionem.
823 927 941 971 Mihi
975 943 1086 970 vcro
1122 927 1421 970 scribendum
1453 925 1637 970 videtur
1671 926 1840 970 Codio—

124 1019 243 1056 nem,
265 1020 289 1046 a
306 1006 449 1066 κῴδιον
467 1044 476 1061 ‚
491 1004 645 1047 ovium
665 1005 809 1047 vellus
823 1038 833 1058 ,
851 1019 938 1062 pro
956 1007 1114 1051 κωίὸιςν
1128 1043 1137 1061 ‚
1154 1019 1179 1046 a
1195 1009 1289 1060 χώς,
1307 1002 1468 1046 eadem
1485 1000 1837 1060 significatione.

190 1082 293 1124 Cap,
327 1081 407 1123 IV.
451 1082 583 1123 Velut
603 1083 955 1140 peregrinatum
991 1081 1216 1123 miserunt.
1255 1082 1502 1137 Perperam
1534 1079 1657 1121 hunc
1691 1079 1844 1121 locum

125 1173 178 1200 ex
211 1165 320 1200 vett.
354 1156 487 1200 libris
522 1158 584 1199 ita
625 1156 889 1200 emendavit
924 1159 970 1199 P.
1005 1157 1224 1210 Pithaeus‚
1263 1156 1485 1207 Advers„
1518 1154 1599 1198 lib.
1624 1170 1662 1208 1,
1697 1169 1733 1196 c.
1768 1153 1795 1196 6
1833 1170 1842 1195 ε

125 1248 211 1291 pro
234 1234 585 1292 peregrinatum
620 1233 815 1275 omnino
851 1233 1124 1290 legendum,
1159 1247 1260 1274 cum
1292 1231 1500 1285 Graevio,
1531 1245 1617 1273 ver
1651 1245 1842 1274 sacrum.

123 1309 338 1361 Sisenna,
364 1309 509 1360 Hist„
528 1307 609 1350 lib.
635 1323 711 1361 1v,
743 1322 824 1349 ver
844 1307 934 1349 hoc
960 1307 1224 1364 religiosum
1249 1306 1477 1364 appellat,
1502 1305 1671 1349 citante
1695 1305 1743 1347 in
1766 1320 1847 1348 ver

121 1400 301 1427 sacrum
334 1383 491 1426 Nonio
515 1384 741 1426 Marcello
769 1399 777 1425 :
819 1404 836 1422 «
873 1383 966 1425 Ver
993 1398 1198 1437 sacrum,
1230 1382 1420 1441 quidam
1447 1381 1621 1426 dictum
1653 1389 1846 1440 putant,

119 1469 172 1502 ut
194 1460 466 1519 plerumque
490 1459 680 1502 vitabile
705 1468 750 1502 et
772 1459 1120 1503 exsecrandum.
1148 1458 1241 1502 Sed
1265 1458 1461 1502 Sisenna
1489 1459 1751 1517 religiosum
1775 1457 1845 1500 di-

121 1537 182 1579 cit
212 1536 521 1579 Historiarum
550 1537 673 1579 libro
710 1545 874 1593 quarto
906 1552 916 1578 :
950 1536 1188 1594 quondam
1216 1535 1377 1579 Sabini
1408 1535 1617 1579 feruntur
1642 1534 1844 1588 vovisse,

121 1612 160 1656 si
191 1628 262 1656 res
287 1612 545 1655 communis
570 1612 841 1655 melioribus
866 1612 978 1655 locis
1003 1611 1306 1667 constitisset,
1339 1627 1385 1654 se
1415 1626 1502 1654 ver
1530 1627 1713 1653 sacrum
1745 1610 1842 1654 fac-

120 1698 262 1732 turos.
284 1708 303 1727 »
329 1689 455 1743 Quid
479 1689 537 1731 sit
559 1704 644 1731 ver
661 1705 843 1731 sacrum
862 1688 1058 1747 explicat
1083 1688 1240 1731 Festus
1264 1688 1311 1730 in
1336 1688 1426 1730 hoc
1449 1687 1643 1730 verbum
1672 1703 1681 1729 :
1708 1707 1726 1726 «
1760 1687 1807 1727 V
1800 1701 1850 1729 er

121 1781 302 1807 sacrum
316 1798 332 1818 ,
358 1764 443 1818 ait,
467 1764 673 1807 vovendi
697 1780 798 1807 mos
825 1765 911 1807 fuit
934 1764 1062 1807 Italis
1088 1761 1159 1813 (et
1185 1762 1376 1823 Gallis).
1408 1764 1592 1821 Magnis
1617 1763 1738 1806 enim
1764 1778 1845 1820 pe-

119 1841 276 1884 riculis
309 1840 496 1885 adducti
532 1841 767 1884 vovebant
810 1856 1108 1898 quaecumque
1147 1839 1365 1898 proximo
1405 1854 1513 1882 vere
1548 1847 1653 1882 nata
1694 1848 1843 1882 essent

119 1917 243 1975 apud
267 1932 314 1960 se
338 1916 553 1960 animalia
569 1950 580 1972 ,
609 1916 943 1960 immolaturos.
972 1916 1066 1960 Sed
1090 1932 1232 1974 quum
1258 1915 1445 1958 crudele
1468 1914 1708 1958 videretur
1730 1930 1844 1973 pue-

118 2008 195 2036 ros
223 2009 274 2036 ac
299 1994 473 2052 puellas
498 1991 777 2047 interficere,
801 1992 1052 2050 perductos
1081 1992 1130 2034 in
1160 1992 1363 2034 adultam
1399 1999 1574 2034 aetatem
1600 1991 1842 2047 velabant,

120 2078 255 2128 atque
291 2070 355 2114 ita
394 2079 522 2114 extra
561 2068 677 2113 fines
716 2085 823 2112 suos
851 2069 1113 2127 exigebant.
1138 2088 1156 2107 »
1181 2069 1240 2111 Et
1268 2068 1317 2110 in
1344 2083 1507 2111 vocem
1530 2069 1806 2111 Mamertini
1826 2084 1842 2111 .·

119 2166 137 2184 «
173 2148 325 2201 Quum
364 2148 421 2191 de
459 2156 560 2190 toto
594 2147 783 2190 Samnio
814 2146 997 2204 gravius
1038 2145 1273 2189 incidisset
1302 2145 1586 2203 pestilentia,
1624 2145 1841 2190 Sthenius

119 2222 328 2278 Mettius,
354 2224 448 2281 ejus
473 2224 623 2283 gentis
646 2224 886 2282 princepS,
910 2231 1166 2266 convocata
1183 2221 1353 2265 civium
1377 2237 1562 2264 suorum
1590 2221 1840 2276 concione,

120 2299 336 2357 exposuit
366 2315 412 2343 se
437 2299 606 2343 vidisse
634 2300 684 2343 in
709 2299 861 2358 quiete
894 2299 1240 2357 praecipientem
1262 2298 1533 2356 Apollinem
1549 2332 1560 2352 ,
1584 2307 1632 2341 ut
1671 2298 1707 2341 si
1745 2300 1841 2341 vel—

119 2376 215 2418 lent
257 2391 312 2419 eo
347 2377 471 2419 malo
500 2376 718 2430 liberari,
749 2391 834 2418 ver
875 2391 1056 2418 sacrum
1087 2383 1336 2429 voverent,
1361 2374 1410 2417 id
1445 2382 1511 2417 est
1542 2390 1839 2432 quaecumque

119 2467 225 2495 vere
254 2452 471 2510 proximo
506 2461 612 2495 nata
646 2460 818 2505 essent,
851 2452 1170 2496 immolaturos
1212 2451 1315 2494 sibi.
1352 2452 1458 2505 Quo
1491 2450 1612 2493 facto
1650 2450 1837 2505 levatis,

118 2537 223 2586 post
252 2544 424 2572 annum
447 2528 736 2583 vicesimum,
760 2528 930 2571 deinde
954 2528 1161 2585 ejusdem
1193 2527 1374 2585 generis
1402 2527 1588 2570 incessit
1610 2526 1836 2584 pestilen—

120 2605 180 2647 tia
205 2601 284 2665 (id
310 2613 398 2659 est,
423 2607 522 2647 lues
542 2606 776 2664 signorum
799 2602 1201 2663 descendentium).
1222 2606 1396 2647 Rursus
1420 2603 1574 2662 itaque
1604 2604 1837 2647 consultus

120 2681 304 2738 Apollo,
333 2680 576 2738 respondit
606 2696 703 2723 non
739 2696 834 2723 esse
863 2682 1151 2738 persolutum
1185 2681 1243 2723 ab
1276 2680 1331 2723 iis
1362 2689 1548 2735 votum,
1583 2680 1713 2738 quod
1743 2681 1834 2723 ho-

116 2757 263 2801 mines
287 2757 514 2801 immolati
541 2773 638 2800 non
664 2766 813 2801 essent
841 2774 849 2799 :
877 2773 993 2815 quos
1021 2757 1055 2800 si
1083 2757 1363 2816 expulissent
1390 2754 1561 2816 (instar
1579 2757 1743 2800 lzorum
1765 2758 1834 2799 si·-

117 2832 361 2893 gnorum),
390 2842 512 2877 certe
536 2833 635 2877 fore
660 2843 707 2876 ut
739 2849 789 2877 ea
821 2833 948 2876 clade
972 2833 1283 2877 liberarentur
1315 2831 1447 2892 (vere
1475 2831 1786 2894 adventante).
1817 2853 1833 2870 >2

117 2909 307 2966 Legitur
330 2911 454 2968 apud
480 2910 751 2964 Eusebium,
781 2911 827 2952 in
863 2910 1086 2953 Chronico
1102 2926 1116 2951 .·
1142 2931 1159 2948 «
1181 2908 1525 2953 Lacedaemonii
1548 2925 1634 2952 ver
1653 2924 1832 2951 sacrum

117 2984 422 3039 destinantes,
453 2986 722 3029 Heracleam
763 2986 928 3029 urbem
967 2986 1189 3029 condunt.
1235 3005 1252 3023 »
1293 2984 1553 3028 Addendus
1584 2985 1833 3044 Dionysius

118 3060 553 3117 Halicarnassensis,
589 3063 669 3121 qui
696 3063 776 3106 lib.
808 3079 848 3117 1,
879 3079 914 3105 0,
949 3060 1002 3105 15
1028 3071 1073 3106 et
1104 3078 1141 3106 0.
1182 3079 1233 3105 11
1265 3079 1274 3105 :
1302 3083 1319 3102 e<
1344 3063 1479 3106 More
1506 3062 1738 3120 quodam,
1762 3062 1832 3105 in-

116 3136 242 3193 quit,
269 3136 517 3194 antiquitus
541 3154 567 3181 a
587 3139 743 3182 multis
765 3148 856 3181 tam
884 3139 1051 3181 Graecis
1075 3154 1214 3197 quam
1239 3139 1454 3182 Barbaris
1476 3147 1664 3196 recepto
1681 3171 1692 3193 ,
1716 3153 1832 3197 quo-

116 3212 198 3256 ties
238 3212 366 3270 vulgi
404 3213 652 3258 multitudo
690 3215 739 3258 in
785 3214 937 3274 aliqua
979 3214 1162 3258 civitate
1193 3215 1388 3258 nimium
1419 3224 1722 3269 excresceret,
1750 3230 1834 3257 nec

116 3288 332 3331 alimenta
372 3287 500 3330 domi
533 3289 747 3333 omnibus
777 3289 1065 3345 sufficerent,
1093 3300 1170 3334 aut
1202 3291 1354 3349 aliqua
1386 3291 1618 3335 calamitas
1649 3299 1829 3349 cogeret
