<?xml version="1.0" encoding="UTF-8"?>
<!DOCTYPE html PUBLIC "-//W3C//DTD XHTML 1.0 Transitional//EN"
    "http://www.w3.org/TR/xhtml1/DTD/xhtml1-transitional.dtd">
<html xmlns="http://www.w3.org/1999/xhtml" xml:lang="en" lang="en">
 <head>
  <title>
</title>
<meta http-equiv="Content-Type" content="text/html;charset=utf-8" />
  <meta name='ocr-system' content='tesseract 3.04.00' />
  <meta name='ocr-capabilities' content='ocr_page ocr_carea ocr_par ocr_line ocrx_word'/>
</head>
<body>
  <div class='ocr_page' id='page_1' title='image "./historiarumphili00justuoft_0215.png"; bbox 0 0 2315 3868; ppageno 0'>
   <div class='ocr_carea' id='block_1_1' title="bbox 669 394 1914 453">
    <p class='ocr_par' dir='ltr' id='par_1_1' title="bbox 669 394 1914 453">
     <span class='ocr_line' id='line_1_1' title="bbox 669 394 1914 453; baseline -0.005 -10"><span class='ocrx_word' id='word_1_1' title='bbox 669 397 995 442; x_wconf 80' lang='lat' dir='ltr'><strong>H1STORIAs</strong></span> <span class='ocrx_word' id='word_1_2' title='bbox 1031 394 1432 438; x_wconf 83' lang='lat' dir='ltr'><strong>PHILIPPICAS.</strong></span> <span class='ocrx_word' id='word_1_3' title='bbox 1731 426 1738 432; x_wconf 93' lang='lat'><strong>.</strong></span> <span class='ocrx_word' id='word_1_4' title='bbox 1828 410 1914 453; x_wconf 65' lang='lat'><strong>199</strong></span> 
     </span>
    </p>
   </div>
   <div class='ocr_carea' id='block_1_2' title="bbox 191 489 1924 2296">
    <p class='ocr_par' dir='ltr' id='par_1_2' title="bbox 191 489 1920 1459">
     <span class='ocr_line' id='line_1_2' title="bbox 193 489 1915 550; baseline -0.003 -11"><span class='ocrx_word' id='word_1_5' title='bbox 193 496 466 550; x_wconf 73' lang='lat' dir='ltr'><strong>Suetonius,</strong></span> <span class='ocrx_word' id='word_1_6' title='bbox 496 495 686 538; x_wconf 76' lang='lat' dir='ltr'><em>Claudii</em></span> <span class='ocrx_word' id='word_1_7' title='bbox 709 496 804 538; x_wconf 78' lang='lat' dir='ltr'><strong>vita</strong></span> <span class='ocrx_word' id='word_1_8' title='bbox 821 525 834 545; x_wconf 93' lang='lat'><strong>,</strong></span> <span class='ocrx_word' id='word_1_9' title='bbox 870 507 906 535; x_wconf 87' lang='lat' dir='ltr'><strong>c.</strong></span> <span class='ocrx_word' id='word_1_10' title='bbox 940 489 998 534; x_wconf 82' lang='lat'><strong>25</strong></span> <span class='ocrx_word' id='word_1_11' title='bbox 1027 507 1035 533; x_wconf 76' lang='grc' dir='ltr'><strong><em>ε</em></strong></span> <span class='ocrx_word' id='word_1_12' title='bbox 1058 511 1075 529; x_wconf 85' lang='lat'>«</span> <span class='ocrx_word' id='word_1_13' title='bbox 1107 490 1357 533; x_wconf 86' lang='lat' dir='ltr'>Iliensibus</span> <span class='ocrx_word' id='word_1_14' title='bbox 1382 489 1513 548; x_wconf 78' lang='lat' dir='ltr'><strong>quasi</strong></span> <span class='ocrx_word' id='word_1_15' title='bbox 1540 505 1741 532; x_wconf 75' lang='lat' dir='ltr'><strong>romanae</strong></span> <span class='ocrx_word' id='word_1_16' title='bbox 1765 492 1915 548; x_wconf 75' lang='lat' dir='ltr'><strong>gentis</strong></span> 
     </span>
     <span class='ocr_line' id='line_1_3' title="bbox 192 565 1916 627; baseline -0.003 -11"><span class='ocrx_word' id='word_1_17' title='bbox 192 572 459 617; x_wconf 88' lang='lat' dir='ltr'><strong>auctoribus</strong></span> <span class='ocrx_word' id='word_1_18' title='bbox 491 572 664 615; x_wconf 89' lang='lat' dir='ltr'><strong>tributa</strong></span> <span class='ocrx_word' id='word_1_19' title='bbox 691 571 740 613; x_wconf 90' lang='lat' dir='ltr'><strong>in</strong></span> <span class='ocrx_word' id='word_1_20' title='bbox 770 576 1045 627; x_wconf 85' lang='lat' dir='ltr'><strong>perpetuum</strong></span> <span class='ocrx_word' id='word_1_21' title='bbox 1085 566 1273 609; x_wconf 83' lang='lat' dir='ltr'><strong>remisit.</strong></span> <span class='ocrx_word' id='word_1_22' title='bbox 1298 586 1316 604; x_wconf 88' lang='lat'>»</span> <span class='ocrx_word' id='word_1_23' title='bbox 1348 565 1556 619; x_wconf 83' lang='lat' dir='ltr'><strong>Tacitus,</strong></span> <span class='ocrx_word' id='word_1_24' title='bbox 1581 569 1782 620; x_wconf 61' lang='lat' dir='ltr'><strong>Annua,</strong></span> <span class='ocrx_word' id='word_1_25' title='bbox 1810 583 1883 610; x_wconf 73' lang='grc' dir='ltr'><strong>κη</strong></span> <span class='ocrx_word' id='word_1_26' title='bbox 1904 602 1916 621; x_wconf 85' lang='grc'>,</span> 
     </span>
     <span class='ocr_line' id='line_1_4' title="bbox 193 642 1915 702; baseline -0.003 -11"><span class='ocrx_word' id='word_1_27' title='bbox 193 646 253 692; x_wconf 84' lang='grc'><strong>58</strong></span> <span class='ocrx_word' id='word_1_28' title='bbox 281 665 290 692; x_wconf 87' lang='lat'>:</span> <span class='ocrx_word' id='word_1_29' title='bbox 318 668 335 688; x_wconf 91' lang='lat'>«</span> <span class='ocrx_word' id='word_1_30' title='bbox 373 650 519 702; x_wconf 90' lang='lat' dir='ltr'><strong>Nero,</strong></span> <span class='ocrx_word' id='word_1_31' title='bbox 544 657 592 691; x_wconf 92' lang='lat' dir='ltr'><strong>ut</strong></span> <span class='ocrx_word' id='word_1_32' title='bbox 631 646 794 690; x_wconf 82' lang='lat' dir='ltr'><strong>studiis</strong></span> <span class='ocrx_word' id='word_1_33' title='bbox 828 644 1033 688; x_wconf 81' lang='lat' dir='ltr'><strong>honestis</strong></span> <span class='ocrx_word' id='word_1_34' title='bbox 1067 653 1111 687; x_wconf 90' lang='lat' dir='ltr'><strong>et</strong></span> <span class='ocrx_word' id='word_1_35' title='bbox 1144 642 1422 700; x_wconf 81' lang='lat' dir='ltr'><strong>eloquentiae</strong></span> <span class='ocrx_word' id='word_1_36' title='bbox 1456 642 1605 699; x_wconf 83' lang='lat' dir='ltr'><strong>gloria</strong></span> <span class='ocrx_word' id='word_1_37' title='bbox 1645 643 1915 697; x_wconf 82' lang='lat' dir='ltr'><strong>nitesceret,</strong></span> 
     </span>
     <span class='ocr_line' id='line_1_5' title="bbox 191 717 1917 780; baseline -0.003 -13"><span class='ocrx_word' id='word_1_38' title='bbox 191 740 324 769; x_wconf 88' lang='lat' dir='ltr'><strong>causa</strong></span> <span class='ocrx_word' id='word_1_39' title='bbox 360 725 600 768; x_wconf 89' lang='lat' dir='ltr'><strong>Iliensium</strong></span> <span class='ocrx_word' id='word_1_40' title='bbox 634 731 868 780; x_wconf 85' lang='lat' dir='ltr'><strong>suscepta,</strong></span> <span class='ocrx_word' id='word_1_41' title='bbox 910 723 1173 764; x_wconf 88' lang='lat' dir='ltr'><strong>Romanum</strong></span> <span class='ocrx_word' id='word_1_42' title='bbox 1219 718 1360 776; x_wconf 86' lang='lat' dir='ltr'><strong>Troja</strong></span> <span class='ocrx_word' id='word_1_43' title='bbox 1405 717 1653 761; x_wconf 86' lang='lat' dir='ltr'><strong>demissum</strong></span> <span class='ocrx_word' id='word_1_44' title='bbox 1699 728 1741 761; x_wconf 88' lang='lat' dir='ltr'><strong>et</strong></span> <span class='ocrx_word' id='word_1_45' title='bbox 1788 720 1917 762; x_wconf 84' lang='lat' dir='ltr'><strong>Juliae</strong></span> 
     </span>
     <span class='ocr_line' id='line_1_6' title="bbox 192 795 1916 862; baseline -0.003 -17"><span class='ocrx_word' id='word_1_46' title='bbox 192 803 346 862; x_wconf 81' lang='lat' dir='ltr'><strong>stirpis</strong></span> <span class='ocrx_word' id='word_1_47' title='bbox 371 811 611 845; x_wconf 79' lang='lat' dir='ltr'><strong>auctorem</strong></span> <span class='ocrx_word' id='word_1_48' title='bbox 641 802 835 845; x_wconf 88' lang='lat' dir='ltr'><strong>AEneam</strong></span> <span class='ocrx_word' id='word_1_49' title='bbox 859 799 1041 856; x_wconf 88' lang='lat' dir='ltr'><strong>aliaque</strong></span> <span class='ocrx_word' id='word_1_50' title='bbox 1074 797 1198 841; x_wconf 81' lang='lat' dir='ltr'><strong>haud</strong></span> <span class='ocrx_word' id='word_1_51' title='bbox 1230 796 1394 854; x_wconf 89' lang='lat' dir='ltr'><strong>procul</strong></span> <span class='ocrx_word' id='word_1_52' title='bbox 1427 795 1597 838; x_wconf 89' lang='lat' dir='ltr'><strong>fabulis</strong></span> <span class='ocrx_word' id='word_1_53' title='bbox 1627 803 1808 848; x_wconf 81' lang='lat' dir='ltr'><strong>vetera,</strong></span> <span class='ocrx_word' id='word_1_54' title='bbox 1844 796 1916 839; x_wconf 75' lang='lat' dir='ltr'><strong>fa-</strong></span> 
     </span>
     <span class='ocr_line' id='line_1_7' title="bbox 192 872 1918 936; baseline -0.005 -14"><span class='ocrx_word' id='word_1_55' title='bbox 192 879 341 923; x_wconf 85' lang='lat' dir='ltr'><strong>cunde</strong></span> <span class='ocrx_word' id='word_1_56' title='bbox 368 886 633 931; x_wconf 85' lang='lat' dir='ltr'><strong>exsecutus,</strong></span> <span class='ocrx_word' id='word_1_57' title='bbox 662 884 900 936; x_wconf 79' lang='lat' dir='ltr'><strong>perpetrat</strong></span> <span class='ocrx_word' id='word_1_58' title='bbox 931 883 978 917; x_wconf 91' lang='lat' dir='ltr'><strong>ut</strong></span> <span class='ocrx_word' id='word_1_59' title='bbox 1006 874 1198 918; x_wconf 90' lang='lat' dir='ltr'><strong>Ilienses</strong></span> <span class='ocrx_word' id='word_1_60' title='bbox 1224 873 1353 916; x_wconf 89' lang='lat' dir='ltr'><strong>omni</strong></span> <span class='ocrx_word' id='word_1_61' title='bbox 1380 872 1571 930; x_wconf 88' lang='lat' dir='ltr'><strong>publico</strong></span> <span class='ocrx_word' id='word_1_62' title='bbox 1601 887 1792 915; x_wconf 89' lang='lat' dir='ltr'><strong>munere</strong></span> <span class='ocrx_word' id='word_1_63' title='bbox 1824 874 1918 915; x_wconf 86' lang='lat' dir='ltr'><strong>sol-</strong></span> 
     </span>
     <span class='ocr_line' id='line_1_8' title="bbox 192 949 1918 1016; baseline -0.005 -18"><span class='ocrx_word' id='word_1_64' title='bbox 192 964 425 1001; x_wconf 74' lang='lat' dir='ltr'><strong>verentur.</strong></span> <span class='ocrx_word' id='word_1_65' title='bbox 449 975 467 994; x_wconf 87' lang='lat'>»</span> <span class='ocrx_word' id='word_1_66' title='bbox 497 954 589 1016; x_wconf 80' lang='lat' dir='ltr'><strong>(Cf.</strong></span> <span class='ocrx_word' id='word_1_67' title='bbox 618 956 758 999; x_wconf 72' lang='lat' dir='ltr'><strong>Sum.</strong></span> <span class='ocrx_word' id='word_1_68' title='bbox 776 987 788 1008; x_wconf 87' lang='lat'><strong>,</strong></span> <span class='ocrx_word' id='word_1_69' title='bbox 808 953 941 1005; x_wconf 61' lang='lat' dir='ltr'><strong>Nera,</strong></span> <span class='ocrx_word' id='word_1_70' title='bbox 963 968 1000 995; x_wconf 86' lang='lat' dir='ltr'><strong>e.</strong></span> <span class='ocrx_word' id='word_1_71' title='bbox 1030 950 1104 1012; x_wconf 88' lang='lat'><strong>7.)</strong></span> <span class='ocrx_word' id='word_1_72' title='bbox 1129 950 1416 994; x_wconf 75' lang='lat' dir='ltr'><strong>Callistratus</strong></span> <span class='ocrx_word' id='word_1_73' title='bbox 1444 950 1567 992; x_wconf 91' lang='lat' dir='ltr'><strong>Ictus</strong></span> <span class='ocrx_word' id='word_1_74' title='bbox 1585 949 1633 991; x_wconf 91' lang='lat' dir='ltr'><strong>in</strong></span> <span class='ocrx_word' id='word_1_75' title='bbox 1664 950 1692 992; x_wconf 89' lang='lat'><strong>1.</strong></span> <span class='ocrx_word' id='word_1_76' title='bbox 1728 965 1796 1004; x_wconf 82' lang='lat'><strong>17,</strong></span> <span class='ocrx_word' id='word_1_77' title='bbox 1822 952 1844 1004; x_wconf 66' lang='lat' dir='ltr'>g</span> <span class='ocrx_word' id='word_1_78' title='bbox 1882 965 1918 1004; x_wconf 83' lang='grc' dir='ltr'><strong>ι,</strong></span> 
     </span>
     <span class='ocr_line' id='line_1_9' title="bbox 191 1025 1920 1089; baseline -0.006 -13"><span class='ocrx_word' id='word_1_79' title='bbox 191 1034 249 1076; x_wconf 82' lang='lat' dir='ltr'><strong>de</strong></span> <span class='ocrx_word' id='word_1_80' title='bbox 280 1033 451 1076; x_wconf 73' lang='lat' dir='ltr'><strong>Excus.</strong></span> <span class='ocrx_word' id='word_1_81' title='bbox 473 1031 574 1089; x_wconf 78' lang='lat' dir='ltr'><strong>fut.</strong></span> <span class='ocrx_word' id='word_1_82' title='bbox 603 1049 615 1074; x_wconf 90' lang='grc'><em>;</em></span> <span class='ocrx_word' id='word_1_83' title='bbox 651 1052 669 1071; x_wconf 78' lang='grc'><em>«</em></span> <span class='ocrx_word' id='word_1_84' title='bbox 697 1029 947 1074; x_wconf 89' lang='lat' dir='ltr'><strong>Iliensibus</strong></span> <span class='ocrx_word' id='word_1_85' title='bbox 984 1037 1027 1072; x_wconf 89' lang='lat' dir='ltr'><strong>et</strong></span> <span class='ocrx_word' id='word_1_86' title='bbox 1055 1037 1250 1087; x_wconf 88' lang='lat' dir='ltr'><strong>propter</strong></span> <span class='ocrx_word' id='word_1_87' title='bbox 1279 1026 1499 1086; x_wconf 80' lang='lat' dir='ltr'><strong>inclytam</strong></span> <span class='ocrx_word' id='word_1_88' title='bbox 1530 1025 1823 1068; x_wconf 79' lang='lat' dir='ltr'><strong>nobilitatem</strong></span> <span class='ocrx_word' id='word_1_89' title='bbox 1853 1025 1920 1068; x_wconf 91' lang='lat' dir='ltr'><strong>ci-</strong></span> 
     </span>
     <span class='ocr_line' id='line_1_10' title="bbox 193 1103 1920 1167; baseline -0.003 -16"><span class='ocrx_word' id='word_1_90' title='bbox 193 1109 347 1152; x_wconf 90' lang='lat' dir='ltr'><strong>vitatis</strong></span> <span class='ocrx_word' id='word_1_91' title='bbox 366 1117 410 1153; x_wconf 88' lang='lat' dir='ltr'><strong>et</strong></span> <span class='ocrx_word' id='word_1_92' title='bbox 438 1118 632 1167; x_wconf 86' lang='lat' dir='ltr'><strong>propter</strong></span> <span class='ocrx_word' id='word_1_93' title='bbox 649 1106 1032 1165; x_wconf 87' lang='lat' dir='ltr'><strong>conjunctionem</strong></span> <span class='ocrx_word' id='word_1_94' title='bbox 1065 1105 1261 1163; x_wconf 82' lang='lat' dir='ltr'><strong>originis</strong></span> <span class='ocrx_word' id='word_1_95' title='bbox 1290 1119 1516 1157; x_wconf 87' lang='lat' dir='ltr'><strong>romanae,</strong></span> <span class='ocrx_word' id='word_1_96' title='bbox 1539 1103 1636 1160; x_wconf 88' lang='lat' dir='ltr'><strong>jam</strong></span> <span class='ocrx_word' id='word_1_97' title='bbox 1667 1103 1920 1161; x_wconf 86' lang='lat' dir='ltr'><strong>antiquitus</strong></span> 
     </span>
     <span class='ocr_line' id='line_1_11' title="bbox 193 1179 1919 1242; baseline -0.005 -13"><span class='ocrx_word' id='word_1_98' title='bbox 193 1194 238 1228; x_wconf 80' lang='lat' dir='ltr'><strong>et</strong></span> <span class='ocrx_word' id='word_1_99' title='bbox 270 1185 677 1229; x_wconf 83' lang='lat' dir='ltr'><strong>senatusconsultis</strong></span> <span class='ocrx_word' id='word_1_100' title='bbox 720 1193 764 1228; x_wconf 88' lang='lat' dir='ltr'><strong>et</strong></span> <span class='ocrx_word' id='word_1_101' title='bbox 799 1182 1067 1242; x_wconf 86' lang='lat' dir='ltr'><strong>principum</strong></span> <span class='ocrx_word' id='word_1_102' title='bbox 1092 1179 1509 1225; x_wconf 87' lang='lat' dir='ltr'><strong>constitutionibus</strong></span> <span class='ocrx_word' id='word_1_103' title='bbox 1537 1180 1803 1238; x_wconf 89' lang='lat' dir='ltr'><strong>plenissima</strong></span> <span class='ocrx_word' id='word_1_104' title='bbox 1829 1180 1919 1222; x_wconf 87' lang='lat' dir='ltr'><strong>im·-</strong></span> 
     </span>
     <span class='ocr_line' id='line_1_12' title="bbox 192 1256 1920 1316; baseline -0.004 -12"><span class='ocrx_word' id='word_1_105' title='bbox 192 1263 392 1306; x_wconf 87' lang='lat' dir='ltr'><strong>munitas</strong></span> <span class='ocrx_word' id='word_1_106' title='bbox 410 1263 581 1306; x_wconf 84' lang='lat' dir='ltr'><strong>tributa</strong></span> <span class='ocrx_word' id='word_1_107' title='bbox 609 1271 698 1316; x_wconf 89' lang='lat' dir='ltr'><strong>est,</strong></span> <span class='ocrx_word' id='word_1_108' title='bbox 717 1270 763 1304; x_wconf 91' lang='lat' dir='ltr'><strong>ut</strong></span> <span class='ocrx_word' id='word_1_109' title='bbox 778 1259 915 1303; x_wconf 90' lang='lat' dir='ltr'><strong>etiam</strong></span> <span class='ocrx_word' id='word_1_110' title='bbox 941 1259 1090 1302; x_wconf 85' lang='lat' dir='ltr'><strong>tutelae</strong></span> <span class='ocrx_word' id='word_1_111' title='bbox 1117 1257 1462 1301; x_wconf 85' lang='lat' dir='ltr'><strong>excusationem</strong></span> <span class='ocrx_word' id='word_1_112' title='bbox 1485 1257 1700 1299; x_wconf 82' lang='lat' dir='ltr'><strong>habeant.</strong></span> <span class='ocrx_word' id='word_1_113' title='bbox 1727 1276 1744 1293; x_wconf 88' lang='lat'>»</span> <span class='ocrx_word' id='word_1_114' title='bbox 1771 1256 1920 1298; x_wconf 82' lang='lat' dir='ltr'><strong>Etiam</strong></span> 
     </span>
     <span class='ocr_line' id='line_1_13' title="bbox 194 1331 1920 1390; baseline -0.005 -8"><span class='ocrx_word' id='word_1_115' title='bbox 194 1339 371 1381; x_wconf 79' lang='lat' dir='ltr'><strong>nummi</strong></span> <span class='ocrx_word' id='word_1_116' title='bbox 399 1339 448 1381; x_wconf 92' lang='lat' dir='ltr'><strong>in</strong></span> <span class='ocrx_word' id='word_1_117' title='bbox 492 1354 654 1381; x_wconf 87' lang='lat' dir='ltr'><strong>eorum</strong></span> <span class='ocrx_word' id='word_1_118' title='bbox 696 1337 924 1378; x_wconf 85' lang='lat' dir='ltr'><strong>honorem</strong></span> <span class='ocrx_word' id='word_1_119' title='bbox 959 1333 1056 1375; x_wconf 88' lang='lat' dir='ltr'><strong>cusi</strong></span> <span class='ocrx_word' id='word_1_120' title='bbox 1093 1342 1201 1375; x_wconf 91' lang='lat' dir='ltr'><strong>sunt</strong></span> <span class='ocrx_word' id='word_1_121' title='bbox 1229 1331 1442 1390; x_wconf 86' lang='lat' dir='ltr'><strong>plurimi,</strong></span> <span class='ocrx_word' id='word_1_122' title='bbox 1481 1332 1538 1374; x_wconf 91' lang='lat' dir='ltr'><strong>de</strong></span> <span class='ocrx_word' id='word_1_123' title='bbox 1585 1332 1754 1389; x_wconf 90' lang='lat' dir='ltr'><strong>quibus</strong></span> <span class='ocrx_word' id='word_1_124' title='bbox 1792 1331 1920 1389; x_wconf 86' lang='lat' dir='ltr'><strong>pleni</strong></span> 
     </span>
     <span class='ocr_line' id='line_1_14' title="bbox 193 1413 657 1459; baseline 0 -2"><span class='ocrx_word' id='word_1_125' title='bbox 193 1415 303 1457; x_wconf 84' lang='lat' dir='ltr'><strong>libri</strong></span> <span class='ocrx_word' id='word_1_126' title='bbox 334 1413 657 1459; x_wconf 84' lang='lat' dir='ltr'><strong>numismatici.</strong></span> 
     </span>
    </p>

    <p class='ocr_par' dir='ltr' id='par_1_3' title="bbox 193 1485 1922 1701">
     <span class='ocr_line' id='line_1_15' title="bbox 258 1485 1920 1545; baseline -0.004 -12"><span class='ocrx_word' id='word_1_127' title='bbox 258 1491 495 1534; x_wconf 79' lang='lat' dir='ltr'><strong>Proelc‘um.</strong></span> <span class='ocrx_word' id='word_1_128' title='bbox 534 1490 841 1534; x_wconf 89' lang='lat' dir='ltr'><strong>Commissum</strong></span> <span class='ocrx_word' id='word_1_129' title='bbox 877 1490 996 1534; x_wconf 86' lang='lat' dir='ltr'><strong>circa</strong></span> <span class='ocrx_word' id='word_1_130' title='bbox 1022 1485 1311 1545; x_wconf 77' lang='lat' dir='ltr'><strong>Magnesiam</strong></span> <span class='ocrx_word' id='word_1_131' title='bbox 1346 1485 1405 1529; x_wconf 87' lang='lat' dir='ltr'><strong>ad</strong></span> <span class='ocrx_word' id='word_1_132' title='bbox 1442 1485 1655 1543; x_wconf 89' lang='lat' dir='ltr'><strong>Sipylum</strong></span> <span class='ocrx_word' id='word_1_133' title='bbox 1687 1493 1920 1538; x_wconf 87' lang='lat' dir='ltr'><strong>montem,</strong></span> 
     </span>
     <span class='ocr_line' id='line_1_16' title="bbox 193 1561 1922 1624; baseline -0.003 -15"><span class='ocrx_word' id='word_1_134' title='bbox 193 1567 385 1610; x_wconf 81' lang='lat' dir='ltr'><strong>absente</strong></span> <span class='ocrx_word' id='word_1_135' title='bbox 419 1566 606 1624; x_wconf 77' lang='lat' dir='ltr'><strong>quidem</strong></span> <span class='ocrx_word' id='word_1_136' title='bbox 640 1565 886 1620; x_wconf 85' lang='lat' dir='ltr'><strong>Africano,</strong></span> <span class='ocrx_word' id='word_1_137' title='bbox 915 1566 993 1624; x_wconf 91' lang='lat' dir='ltr'><strong>qui</strong></span> <span class='ocrx_word' id='word_1_138' title='bbox 1032 1565 1153 1608; x_wconf 86' lang='lat' dir='ltr'><strong>Eleae</strong></span> <span class='ocrx_word' id='word_1_139' title='bbox 1186 1562 1455 1621; x_wconf 83' lang='lat' dir='ltr'><strong>aegrotabat.</strong></span> <span class='ocrx_word' id='word_1_140' title='bbox 1486 1562 1791 1604; x_wconf 85' lang='lat' dir='ltr'><strong>Luculentam</strong></span> <span class='ocrx_word' id='word_1_141' title='bbox 1827 1561 1922 1618; x_wconf 85' lang='lat' dir='ltr'><strong>ejus</strong></span> 
     </span>
     <span class='ocr_line' id='line_1_17' title="bbox 194 1637 1919 1701; baseline -0.003 -16"><span class='ocrx_word' id='word_1_142' title='bbox 194 1656 361 1701; x_wconf 72' lang='lat' dir='ltr'><strong>pugnae</strong></span> <span class='ocrx_word' id='word_1_143' title='bbox 391 1641 757 1701; x_wconf 86' lang='lat' dir='ltr'><strong>descriptionem</strong></span> <span class='ocrx_word' id='word_1_144' title='bbox 790 1642 933 1685; x_wconf 88' lang='lat' dir='ltr'><strong>habes</strong></span> <span class='ocrx_word' id='word_1_145' title='bbox 977 1641 1103 1699; x_wconf 90' lang='lat' dir='ltr'><strong>apud</strong></span> <span class='ocrx_word' id='word_1_146' title='bbox 1138 1638 1342 1694; x_wconf 88' lang='lat' dir='ltr'><strong>Livium,</strong></span> <span class='ocrx_word' id='word_1_147' title='bbox 1375 1652 1575 1692; x_wconf 82' lang='lat' dir='ltr'><strong>xxxvn,</strong></span> <span class='ocrx_word' id='word_1_148' title='bbox 1600 1654 1636 1680; x_wconf 92' lang='lat' dir='ltr'><strong>c.</strong></span> <span class='ocrx_word' id='word_1_149' title='bbox 1666 1637 1721 1692; x_wconf 76' lang='lat'><strong>37</strong></span> <span class='ocrx_word' id='word_1_150' title='bbox 1752 1646 1795 1680; x_wconf 91' lang='lat' dir='ltr'><strong>et</strong></span> <span class='ocrx_word' id='word_1_151' title='bbox 1826 1652 1919 1695; x_wconf 90' lang='lat' dir='ltr'><strong>seq.</strong></span> 
     </span>
    </p>

    <p class='ocr_par' dir='ltr' id='par_1_4' title="bbox 261 1715 1563 1768">
     <span class='ocr_line' id='line_1_18' title="bbox 261 1715 1563 1768; baseline -0.005 -6"><span class='ocrx_word' id='word_1_152' title='bbox 261 1720 537 1762; x_wconf 76' lang='lat' dir='ltr'><strong>Dexteriore</strong></span> <span class='ocrx_word' id='word_1_153' title='bbox 561 1734 713 1761; x_wconf 81' lang='lat' dir='ltr'><strong>cornu.</strong></span> <span class='ocrx_word' id='word_1_154' title='bbox 749 1719 902 1761; x_wconf 86' lang='lat' dir='ltr'><strong>Immo</strong></span> <span class='ocrx_word' id='word_1_155' title='bbox 936 1720 1066 1760; x_wconf 85' lang='lat' dir='ltr'><strong>laevo.</strong></span> <span class='ocrx_word' id='word_1_156' title='bbox 1102 1715 1224 1759; x_wconf 86' lang='lat' dir='ltr'><strong>Vide</strong></span> <span class='ocrx_word' id='word_1_157' title='bbox 1256 1715 1389 1768; x_wconf 88' lang='lat' dir='ltr'>L1v.‚</span> <span class='ocrx_word' id='word_1_158' title='bbox 1418 1728 1454 1756; x_wconf 88' lang='lat' dir='ltr'><strong>c.</strong></span> <span class='ocrx_word' id='word_1_159' title='bbox 1488 1719 1563 1765; x_wconf 78' lang='lat'><strong>42.</strong></span> 
     </span>
    </p>

    <p class='ocr_par' dir='ltr' id='par_1_5' title="bbox 194 1790 1924 2296">
     <span class='ocr_line' id='line_1_19' title="bbox 267 1790 1920 1855; baseline -0.004 -17"><span class='ocrx_word' id='word_1_160' title='bbox 267 1796 444 1855; x_wconf 77' lang='lat' dir='ltr'><strong>Captas</strong></span> <span class='ocrx_word' id='word_1_161' title='bbox 477 1796 699 1837; x_wconf 72' lang='lat' dir='ltr'><strong>civitates.</strong></span> <span class='ocrx_word' id='word_1_162' title='bbox 736 1794 1021 1852; x_wconf 78' lang='lat' dir='ltr'><strong>Explicatius</strong></span> <span class='ocrx_word' id='word_1_163' title='bbox 1060 1793 1117 1836; x_wconf 83' lang='lat' dir='ltr'><strong>de</strong></span> <span class='ocrx_word' id='word_1_164' title='bbox 1150 1793 1237 1835; x_wconf 86' lang='lat' dir='ltr'><strong>hac</strong></span> <span class='ocrx_word' id='word_1_165' title='bbox 1264 1805 1378 1849; x_wconf 85' lang='lat' dir='ltr'><strong>pace</strong></span> <span class='ocrx_word' id='word_1_166' title='bbox 1413 1790 1572 1832; x_wconf 88' lang='lat' dir='ltr'><strong>Livius</strong></span> <span class='ocrx_word' id='word_1_167' title='bbox 1610 1806 1618 1831; x_wconf 90' lang='lat'><strong>:</strong></span> <span class='ocrx_word' id='word_1_168' title='bbox 1652 1790 1766 1833; x_wconf 90' lang='lat' dir='ltr'><strong>«Cis</strong></span> <span class='ocrx_word' id='word_1_169' title='bbox 1794 1791 1920 1832; x_wconf 82' lang='lat' dir='ltr'><strong>Tuu-</strong></span> 
     </span>
     <span class='ocr_line' id='line_1_20' title="bbox 195 1864 1924 1928; baseline -0.005 -14"><span class='ocrx_word' id='word_1_170' title='bbox 195 1887 298 1914; x_wconf 87' lang='lat' dir='ltr'><strong>rum</strong></span> <span class='ocrx_word' id='word_1_171' title='bbox 329 1879 540 1913; x_wconf 85' lang='lat' dir='ltr'><strong>montem</strong></span> <span class='ocrx_word' id='word_1_172' title='bbox 578 1886 677 1928; x_wconf 84' lang='lat' dir='ltr'><strong>quae</strong></span> <span class='ocrx_word' id='word_1_173' title='bbox 706 1870 828 1913; x_wconf 85' lang='lat' dir='ltr'><strong>intra</strong></span> <span class='ocrx_word' id='word_1_174' title='bbox 867 1870 1000 1928; x_wconf 86' lang='lat' dir='ltr'><strong>regni</strong></span> <span class='ocrx_word' id='word_1_175' title='bbox 1034 1867 1252 1912; x_wconf 88' lang='lat' dir='ltr'><strong>Antiochi</strong></span> <span class='ocrx_word' id='word_1_176' title='bbox 1281 1864 1452 1908; x_wconf 88' lang='lat' dir='ltr'><strong>finibus</strong></span> <span class='ocrx_word' id='word_1_177' title='bbox 1489 1865 1693 1919; x_wconf 88' lang='lat' dir='ltr'><strong>fuerant,</strong></span> <span class='ocrx_word' id='word_1_178' title='bbox 1728 1866 1924 1908; x_wconf 88' lang='lat' dir='ltr'><strong>Eumeni</strong></span> 
     </span>
     <span class='ocr_line' id='line_1_21' title="bbox 197 1941 1923 2006; baseline -0.003 -17"><span class='ocrx_word' id='word_1_179' title='bbox 197 1947 600 2002; x_wconf 79' lang='lat' dir='ltr'><strong>attribuebantur,</strong></span> <span class='ocrx_word' id='word_1_180' title='bbox 638 1956 806 2006; x_wconf 79' lang='lat' dir='ltr'><strong>praeter</strong></span> <span class='ocrx_word' id='word_1_181' title='bbox 831 1947 1020 2006; x_wconf 82' lang='lat' dir='ltr'><strong>Lyciam</strong></span> <span class='ocrx_word' id='word_1_182' title='bbox 1049 1945 1324 2002; x_wconf 85' lang='lat' dir='ltr'><strong>Cariamque</strong></span> <span class='ocrx_word' id='word_1_183' title='bbox 1361 1957 1503 2000; x_wconf 85' lang='lat' dir='ltr'><strong>usque</strong></span> <span class='ocrx_word' id='word_1_184' title='bbox 1540 1941 1601 1984; x_wconf 81' lang='lat' dir='ltr'><strong>ad</strong></span> <span class='ocrx_word' id='word_1_185' title='bbox 1634 1941 1923 1984; x_wconf 77' lang='lat' dir='ltr'><strong>Maeandrum</strong></span> 
     </span>
     <span class='ocr_line' id='line_1_22' title="bbox 197 2018 1924 2074; baseline -0.003 -8"><span class='ocrx_word' id='word_1_186' title='bbox 197 2039 379 2067; x_wconf 88' lang='lat' dir='ltr'><strong>amnem</strong></span> <span class='ocrx_word' id='word_1_187' title='bbox 422 2041 430 2065; x_wconf 91' lang='lat'>:</span> <span class='ocrx_word' id='word_1_188' title='bbox 477 2039 528 2067; x_wconf 86' lang='lat' dir='ltr'><strong>ea</strong></span> <span class='ocrx_word' id='word_1_189' title='bbox 566 2023 765 2068; x_wconf 88' lang='lat' dir='ltr'><strong>civitatis</strong></span> <span class='ocrx_word' id='word_1_190' title='bbox 798 2023 1096 2066; x_wconf 88' lang='lat' dir='ltr'><strong>Rhodiorum</strong></span> <span class='ocrx_word' id='word_1_191' title='bbox 1130 2029 1293 2064; x_wconf 88' lang='lat' dir='ltr'><strong>essent.</strong></span> <span class='ocrx_word' id='word_1_192' title='bbox 1329 2019 1501 2062; x_wconf 81' lang='lat' dir='ltr'><strong>Ceterae</strong></span> <span class='ocrx_word' id='word_1_193' title='bbox 1533 2018 1739 2061; x_wconf 88' lang='lat' dir='ltr'><strong>civitates</strong></span> <span class='ocrx_word' id='word_1_194' title='bbox 1774 2018 1924 2074; x_wconf 60' lang='grc' dir='ltr'><strong>Λεία),</strong></span> 
     </span>
     <span class='ocr_line' id='line_1_23' title="bbox 196 2094 1922 2159; baseline -0.005 -15"><span class='ocrx_word' id='word_1_195' title='bbox 196 2116 295 2159; x_wconf 79' lang='lat' dir='ltr'><strong>quae</strong></span> <span class='ocrx_word' id='word_1_196' title='bbox 328 2101 473 2144; x_wconf 84' lang='lat' dir='ltr'><strong>Attali</strong></span> <span class='ocrx_word' id='word_1_197' title='bbox 503 2100 818 2159; x_wconf 71' lang='lat' dir='ltr'><strong>stipendiariae</strong></span> <span class='ocrx_word' id='word_1_198' title='bbox 854 2099 1063 2153; x_wconf 83' lang='lat' dir='ltr'><strong>fuerant,</strong></span> <span class='ocrx_word' id='word_1_199' title='bbox 1089 2097 1258 2141; x_wconf 86' lang='lat' dir='ltr'><strong>eaedem</strong></span> <span class='ocrx_word' id='word_1_200' title='bbox 1290 2094 1488 2139; x_wconf 85' lang='lat' dir='ltr'><strong>Eumeni</strong></span> <span class='ocrx_word' id='word_1_201' title='bbox 1517 2095 1714 2153; x_wconf 83' lang='lat' dir='ltr'><strong>vectigal</strong></span> <span class='ocrx_word' id='word_1_202' title='bbox 1742 2094 1922 2152; x_wconf 81' lang='lat' dir='ltr'><strong>pende-</strong></span> 
     </span>
     <span class='ocr_line' id='line_1_24' title="bbox 194 2170 1922 2236; baseline -0.003 -17"><span class='ocrx_word' id='word_1_203' title='bbox 194 2186 320 2230; x_wconf 83' lang='lat' dir='ltr'><strong>rent3</strong></span> <span class='ocrx_word' id='word_1_204' title='bbox 367 2192 466 2235; x_wconf 85' lang='lat' dir='ltr'><strong>quae</strong></span> <span class='ocrx_word' id='word_1_205' title='bbox 507 2177 755 2236; x_wconf 82' lang='lat' dir='ltr'><strong>vectigales</strong></span> <span class='ocrx_word' id='word_1_206' title='bbox 807 2175 1031 2219; x_wconf 82' lang='lat' dir='ltr'><strong>Antiochi</strong></span> <span class='ocrx_word' id='word_1_207' title='bbox 1081 2174 1289 2228; x_wconf 84' lang='lat' dir='ltr'><strong>fuerant,</strong></span> <span class='ocrx_word' id='word_1_208' title='bbox 1324 2187 1385 2216; x_wconf 80' lang='lat' dir='ltr'><strong>eae</strong></span> <span class='ocrx_word' id='word_1_209' title='bbox 1425 2170 1582 2213; x_wconf 85' lang='lat' dir='ltr'><strong>liberae</strong></span> <span class='ocrx_word' id='word_1_210' title='bbox 1608 2179 1652 2213; x_wconf 92' lang='lat' dir='ltr'><strong>et</strong></span> <span class='ocrx_word' id='word_1_211' title='bbox 1695 2170 1922 2215; x_wconf 86' lang='lat' dir='ltr'><strong>immunes</strong></span> 
     </span>
     <span class='ocr_line' id='line_1_25' title="bbox 197 2261 404 2296; baseline -0.014 0"><span class='ocrx_word' id='word_1_212' title='bbox 197 2261 362 2296; x_wconf 87' lang='lat' dir='ltr'><strong>essent.</strong></span> <span class='ocrx_word' id='word_1_213' title='bbox 386 2273 404 2292; x_wconf 81' lang='grc'>»</span> 
     </span>
    </p>
   </div>
   <div class='ocr_carea' id='block_1_3' title="bbox 734 2378 1385 2423">
    <p class='ocr_par' dir='ltr' id='par_1_6' title="bbox 734 2378 1385 2423">
     <span class='ocr_line' id='line_1_26' title="bbox 734 2378 1385 2423; baseline -0.006 0"><span class='ocrx_word' id='word_1_214' title='bbox 734 2381 807 2423; x_wconf 78' lang='grc' dir='ltr'><strong>ΙΝ</strong></span> <span class='ocrx_word' id='word_1_215' title='bbox 843 2379 1118 2423; x_wconf 86' lang='lat' dir='ltr'>LIBRUM</span> <span class='ocrx_word' id='word_1_216' title='bbox 1156 2378 1385 2421; x_wconf 85' lang='lat' dir='ltr'>XXXII.</span> 
     </span>
    </p>
   </div>
   <div class='ocr_carea' id='block_1_4' title="bbox 200 2552 1927 3461">
    <p class='ocr_par' dir='ltr' id='par_1_7' title="bbox 200 2552 1925 2850">
     <span class='ocr_line' id='line_1_27' title="bbox 265 2552 1924 2620; baseline -0.007 -15"><span class='ocrx_word' id='word_1_217' title='bbox 265 2562 422 2620; x_wconf 82' lang='lat' dir='ltr'><strong>Ignoti</strong></span> <span class='ocrx_word' id='word_1_218' title='bbox 455 2570 560 2604; x_wconf 90' lang='lat' dir='ltr'><strong>sunt</strong></span> <span class='ocrx_word' id='word_1_219' title='bbox 590 2560 638 2602; x_wconf 89' lang='lat' dir='ltr'><strong>in</strong></span> <span class='ocrx_word' id='word_1_220' title='bbox 678 2559 766 2601; x_wconf 89' lang='lat' dir='ltr'><strong>hoc</strong></span> <span class='ocrx_word' id='word_1_221' title='bbox 806 2557 930 2600; x_wconf 89' lang='lat' dir='ltr'><strong>libro</strong></span> <span class='ocrx_word' id='word_1_222' title='bbox 955 2556 1107 2599; x_wconf 87' lang='lat' dir='ltr'><strong>fontes</strong></span> <span class='ocrx_word' id='word_1_223' title='bbox 1144 2553 1382 2611; x_wconf 87' lang='lat' dir='ltr'><strong>Pompeii,</strong></span> <span class='ocrx_word' id='word_1_224' title='bbox 1414 2552 1667 2611; x_wconf 75' lang='lat' dir='ltr'><strong>praesertim</strong></span> <span class='ocrx_word' id='word_1_225' title='bbox 1705 2552 1753 2594; x_wconf 92' lang='lat' dir='ltr'><strong>in</strong></span> <span class='ocrx_word' id='word_1_226' title='bbox 1786 2552 1924 2594; x_wconf 80' lang='lat' dir='ltr'><strong>rebus</strong></span> 
     </span>
     <span class='ocr_line' id='line_1_28' title="bbox 200 2627 1925 2697; baseline -0.007 -16"><span class='ocrx_word' id='word_1_227' title='bbox 200 2638 375 2697; x_wconf 81' lang='lat' dir='ltr'><strong>gailicis</strong></span> <span class='ocrx_word' id='word_1_228' title='bbox 406 2654 415 2680; x_wconf 92' lang='lat'>:</span> <span class='ocrx_word' id='word_1_229' title='bbox 449 2637 646 2696; x_wconf 86' lang='lat' dir='ltr'><strong>Polybio</strong></span> <span class='ocrx_word' id='word_1_230' title='bbox 677 2644 830 2678; x_wconf 89' lang='lat' dir='ltr'><strong>tamen</strong></span> <span class='ocrx_word' id='word_1_231' title='bbox 864 2649 969 2676; x_wconf 90' lang='lat' dir='ltr'><strong>eum</strong></span> <span class='ocrx_word' id='word_1_232' title='bbox 999 2647 1095 2676; x_wconf 87' lang='lat' dir='ltr'><strong>esse</strong></span> <span class='ocrx_word' id='word_1_233' title='bbox 1128 2631 1177 2673; x_wconf 91' lang='lat' dir='ltr'><strong>in</strong></span> <span class='ocrx_word' id='word_1_234' title='bbox 1205 2630 1418 2688; x_wconf 89' lang='lat' dir='ltr'><strong>pluribus</strong></span> <span class='ocrx_word' id='word_1_235' title='bbox 1454 2643 1613 2680; x_wconf 84' lang='lat' dir='ltr'><strong>usum,</strong></span> <span class='ocrx_word' id='word_1_236' title='bbox 1646 2628 1720 2670; x_wconf 83' lang='lat' dir='ltr'><strong>vix</strong></span> <span class='ocrx_word' id='word_1_237' title='bbox 1752 2627 1925 2686; x_wconf 86' lang='lat' dir='ltr'><strong>poterit</strong></span> 
     </span>
     <span class='ocr_line' id='line_1_29' title="bbox 201 2703 1924 2765; baseline -0.008 -7"><span class='ocrx_word' id='word_1_238' title='bbox 201 2714 418 2758; x_wconf 84' lang='lat' dir='ltr'><strong>dubitari.</strong></span> <span class='ocrx_word' id='word_1_239' title='bbox 458 2713 689 2757; x_wconf 85' lang='lat' dir='ltr'><strong>Permulta</strong></span> <span class='ocrx_word' id='word_1_240' title='bbox 740 2711 814 2754; x_wconf 91' lang='lat' dir='ltr'><strong>hic</strong></span> <span class='ocrx_word' id='word_1_241' title='bbox 864 2709 1019 2753; x_wconf 87' lang='lat' dir='ltr'><strong>omisit</strong></span> <span class='ocrx_word' id='word_1_242' title='bbox 1063 2706 1295 2761; x_wconf 78' lang='lat' dir='ltr'><strong>Justinus,</strong></span> <span class='ocrx_word' id='word_1_243' title='bbox 1339 2721 1436 2765; x_wconf 89' lang='lat' dir='ltr'><strong>quae</strong></span> <span class='ocrx_word' id='word_1_244' title='bbox 1482 2704 1589 2747; x_wconf 67' lang='lat' dir='ltr'><strong>vide</strong></span> <span class='ocrx_word' id='word_1_245' title='bbox 1632 2703 1834 2746; x_wconf 77' lang='lat' dir='ltr'><strong>indicata</strong></span> <span class='ocrx_word' id='word_1_246' title='bbox 1878 2704 1924 2746; x_wconf 84' lang='lat' dir='ltr'><strong>in</strong></span> 
     </span>
     <span class='ocr_line' id='line_1_30' title="bbox 201 2793 416 2850; baseline -0.005 -15"><span class='ocrx_word' id='word_1_247' title='bbox 201 2793 416 2850; x_wconf 77' lang='lat' dir='ltr'><strong>PrologO.</strong></span> 
     </span>
    </p>

    <p class='ocr_par' dir='ltr' id='par_1_8' title="bbox 204 2856 1926 3075">
     <span class='ocr_line' id='line_1_31' title="bbox 266 2856 1924 2912; baseline -0.008 -1"><span class='ocrx_word' id='word_1_248' title='bbox 266 2869 371 2911; x_wconf 75' lang='lat' dir='ltr'><strong>CAP.</strong></span> <span class='ocrx_word' id='word_1_249' title='bbox 401 2869 436 2910; x_wconf 93' lang='grc' dir='ltr'><strong>Ι.</strong></span> <span class='ocrx_word' id='word_1_250' title='bbox 464 2866 653 2909; x_wconf 72' lang='lat' dir='ltr'><strong>AEtolc&#39;...</strong></span> <span class='ocrx_word' id='word_1_251' title='bbox 681 2866 802 2908; x_wconf 74' lang='lat' dir='ltr'><strong>victi.</strong></span> <span class='ocrx_word' id='word_1_252' title='bbox 844 2867 931 2908; x_wconf 90' lang='lat' dir='ltr'><strong>Per</strong></span> <span class='ocrx_word' id='word_1_253' title='bbox 959 2863 1197 2906; x_wconf 91' lang='lat' dir='ltr'><strong>consulem</strong></span> <span class='ocrx_word' id='word_1_254' title='bbox 1229 2874 1494 2912; x_wconf 89' lang='lat' dir='ltr'><strong>romanum,</strong></span> <span class='ocrx_word' id='word_1_255' title='bbox 1528 2859 1670 2900; x_wconf 75' lang='lat' dir='ltr'><strong>Marc.</strong></span> <span class='ocrx_word' id='word_1_256' title='bbox 1709 2856 1924 2898; x_wconf 84' lang='lat' dir='ltr'><strong>Fulvium</strong></span> 
     </span>
     <span class='ocr_line' id='line_1_32' title="bbox 204 2934 1926 2999; baseline -0.008 -11"><span class='ocrx_word' id='word_1_257' title='bbox 204 2945 527 2998; x_wconf 85' lang='lat' dir='ltr'><strong>Nobiliorem,</strong></span> <span class='ocrx_word' id='word_1_258' title='bbox 584 2960 623 2986; x_wconf 87' lang='lat' dir='ltr'><strong>a.</strong></span> <span class='ocrx_word' id='word_1_259' title='bbox 681 2943 729 2986; x_wconf 92' lang='lat' dir='ltr'><strong>C.</strong></span> <span class='ocrx_word' id='word_1_260' title='bbox 776 2943 832 2985; x_wconf 90' lang='lat' dir='ltr'><strong>N.</strong></span> <span class='ocrx_word' id='word_1_261' title='bbox 885 2939 988 2999; x_wconf 84' lang='lat'>189.</span> <span class='ocrx_word' id='word_1_262' title='bbox 1038 2942 1105 2982; x_wconf 90' lang='lat' dir='ltr'><strong>De</strong></span> <span class='ocrx_word' id='word_1_263' title='bbox 1155 2937 1336 2981; x_wconf 84' lang='lat' dir='ltr'><strong>aetolico</strong></span> <span class='ocrx_word' id='word_1_264' title='bbox 1381 2936 1531 2989; x_wconf 82' lang='lat' dir='ltr'><strong>bello,</strong></span> <span class='ocrx_word' id='word_1_265' title='bbox 1566 2936 1667 2992; x_wconf 80' lang='lat' dir='ltr'><strong>lege</strong></span> <span class='ocrx_word' id='word_1_266' title='bbox 1720 2934 1926 2986; x_wconf 73' lang='lat' dir='ltr'><strong>Livium,</strong></span> 
     </span>
     <span class='ocr_line' id='line_1_33' title="bbox 205 3021 605 3075; baseline -0.003 -10"><span class='ocrx_word' id='word_1_267' title='bbox 205 3037 425 3075; x_wconf 74' lang='lat' dir='ltr'><strong>xxxviii,</strong></span> <span class='ocrx_word' id='word_1_268' title='bbox 453 3021 605 3064; x_wconf 88' lang='lat' dir='ltr'><strong>initio.</strong></span> 
     </span>
    </p>

    <p class='ocr_par' dir='ltr' id='par_1_9' title="bbox 207 3089 1927 3461">
     <span class='ocr_line' id='line_1_34' title="bbox 272 3089 1926 3152; baseline -0.008 -11"><span class='ocrx_word' id='word_1_269' title='bbox 272 3100 375 3142; x_wconf 73' lang='lat' dir='ltr'><strong>CAP.</strong></span> <span class='ocrx_word' id='word_1_270' title='bbox 413 3098 474 3140; x_wconf 89' lang='lat' dir='ltr'><strong>II.</strong></span> <span class='ocrx_word' id='word_1_271' title='bbox 507 3099 608 3140; x_wconf 74' lang='lat' dir='ltr'><strong>Rex</strong></span> <span class='ocrx_word' id='word_1_272' title='bbox 635 3095 903 3140; x_wconf 75' lang='lat' dir='ltr'><strong>Antiochus.</strong></span> <span class='ocrx_word' id='word_1_273' title='bbox 940 3097 1117 3152; x_wconf 79' lang='lat' dir='ltr'><strong>Aperte</strong></span> <span class='ocrx_word' id='word_1_274' title='bbox 1151 3092 1356 3135; x_wconf 78' lang='lat' dir='ltr'><strong>Justinus</strong></span> <span class='ocrx_word' id='word_1_275' title='bbox 1390 3089 1669 3133; x_wconf 77' lang='lat' dir='ltr'><strong>Antiochum</strong></span> <span class='ocrx_word' id='word_1_276' title='bbox 1704 3089 1926 3145; x_wconf 83' lang='lat' dir='ltr'><strong>Magnum</strong></span> 
     </span>
     <span class='ocr_line' id='line_1_35' title="bbox 208 3163 1926 3229; baseline -0.007 -13"><span class='ocrx_word' id='word_1_277' title='bbox 208 3173 436 3216; x_wconf 85' lang='lat' dir='ltr'><strong>intellexit</strong></span> <span class='ocrx_word' id='word_1_278' title='bbox 474 3189 482 3215; x_wconf 92' lang='lat'>:</span> <span class='ocrx_word' id='word_1_279' title='bbox 519 3173 583 3215; x_wconf 86' lang='lat' dir='ltr'><strong>ita</strong></span> <span class='ocrx_word' id='word_1_280' title='bbox 619 3172 788 3216; x_wconf 85' lang='lat' dir='ltr'><strong>Strabo</strong></span> <span class='ocrx_word' id='word_1_281' title='bbox 819 3185 1006 3229; x_wconf 81' lang='lat' dir='ltr'><strong>quoque</strong></span> <span class='ocrx_word' id='word_1_282' title='bbox 1042 3179 1085 3212; x_wconf 91' lang='lat' dir='ltr'><strong>et</strong></span> <span class='ocrx_word' id='word_1_283' title='bbox 1123 3168 1380 3221; x_wconf 80' lang='lat' dir='ltr'><strong>Diodoms3</strong></span> <span class='ocrx_word' id='word_1_284' title='bbox 1411 3166 1493 3211; x_wconf 90' lang='lat' dir='ltr'><strong>sed</strong></span> <span class='ocrx_word' id='word_1_285' title='bbox 1525 3165 1602 3208; x_wconf 86' lang='lat' dir='ltr'><strong>alii</strong></span> <span class='ocrx_word' id='word_1_286' title='bbox 1640 3163 1926 3206; x_wconf 86' lang='lat' dir='ltr'><strong>Antiochum</strong></span> 
     </span>
     <span class='ocr_line' id='line_1_36' title="bbox 207 3239 1927 3308; baseline -0.006 -15"><span class='ocrx_word' id='word_1_287' title='bbox 207 3250 514 3308; x_wconf 79' lang='lat' dir='ltr'><strong>Epiphanem.</strong></span> <span class='ocrx_word' id='word_1_288' title='bbox 547 3250 618 3292; x_wconf 91' lang='lat' dir='ltr'><strong>De</strong></span> <span class='ocrx_word' id='word_1_289' title='bbox 644 3265 734 3307; x_wconf 80' lang='lat' dir='ltr'><strong>qua</strong></span> <span class='ocrx_word' id='word_1_290' title='bbox 770 3248 1092 3290; x_wconf 83' lang='lat' dir='ltr'><strong>narrationum</strong></span> <span class='ocrx_word' id='word_1_291' title='bbox 1119 3245 1387 3289; x_wconf 87' lang='lat' dir='ltr'><strong>diversitate</strong></span> <span class='ocrx_word' id='word_1_292' title='bbox 1417 3244 1477 3288; x_wconf 88' lang='lat' dir='ltr'><strong>ab</strong></span> <span class='ocrx_word' id='word_1_293' title='bbox 1505 3240 1838 3298; x_wconf 63' lang='lat' dir='ltr'><strong>interpretibus</strong></span> <span class='ocrx_word' id='word_1_294' title='bbox 1868 3239 1927 3283; x_wconf 87' lang='lat' dir='ltr'><strong>ad</strong></span> 
     </span>
     <span class='ocr_line' id='line_1_37' title="bbox 208 3318 1926 3383; baseline -0.006 -14"><span class='ocrx_word' id='word_1_295' title='bbox 208 3328 252 3369; x_wconf 84' lang='lat' dir='ltr'><strong>h.</strong></span> <span class='ocrx_word' id='word_1_296' title='bbox 290 3327 318 3369; x_wconf 94' lang='lat' dir='ltr'><strong>l.</strong></span> <span class='ocrx_word' id='word_1_297' title='bbox 354 3326 495 3368; x_wconf 83' lang='lat' dir='ltr'><strong>multa</strong></span> <span class='ocrx_word' id='word_1_298' title='bbox 532 3325 702 3383; x_wconf 81' lang='lat' dir='ltr'><strong>scripta</strong></span> <span class='ocrx_word' id='word_1_299' title='bbox 744 3333 871 3379; x_wconf 87' lang='lat' dir='ltr'><strong>sunt,</strong></span> <span class='ocrx_word' id='word_1_300' title='bbox 910 3339 1008 3382; x_wconf 83' lang='lat' dir='ltr'><strong>quae</strong></span> <span class='ocrx_word' id='word_1_301' title='bbox 1045 3321 1169 3380; x_wconf 86' lang='lat' dir='ltr'><strong>apud</strong></span> <span class='ocrx_word' id='word_1_302' title='bbox 1208 3322 1333 3380; x_wconf 91' lang='lat' dir='ltr'><strong>ipsos</strong></span> <span class='ocrx_word' id='word_1_303' title='bbox 1372 3319 1553 3373; x_wconf 75' lang='lat' dir='ltr'><strong>videas,</strong></span> <span class='ocrx_word' id='word_1_304' title='bbox 1586 3318 1730 3361; x_wconf 76' lang='lat' dir='ltr'><strong>addas</strong></span> <span class='ocrx_word' id='word_1_305' title='bbox 1774 3326 1926 3360; x_wconf 86' lang='lat' dir='ltr'><strong>tamen</strong></span> 
     </span>
     <span class='ocr_line' id='line_1_38' title="bbox 210 3399 1706 3461; baseline -0.007 -14"><span class='ocrx_word' id='word_1_306' title='bbox 210 3402 614 3461; x_wconf 76' lang='lat' dir='ltr'><strong>Schweigliaeuseri</strong></span> <span class='ocrx_word' id='word_1_307' title='bbox 647 3408 779 3444; x_wconf 78' lang='lat' dir='ltr'><strong>notas</strong></span> <span class='ocrx_word' id='word_1_308' title='bbox 812 3401 858 3443; x_wconf 86' lang='lat' dir='ltr'><strong>in</strong></span> <span class='ocrx_word' id='word_1_309' title='bbox 894 3400 1154 3459; x_wconf 81' lang='lat' dir='ltr'><strong>Polybium,</strong></span> <span class='ocrx_word' id='word_1_310' title='bbox 1174 3399 1264 3440; x_wconf 85' lang='lat' dir='ltr'><strong>vol.</strong></span> <span class='ocrx_word' id='word_1_311' title='bbox 1293 3413 1414 3451; x_wconf 78' lang='lat' dir='ltr'><strong>vm,</strong></span> <span class='ocrx_word' id='word_1_312' title='bbox 1448 3412 1490 3454; x_wconf 89' lang='lat' dir='ltr'><strong>p.</strong></span> <span class='ocrx_word' id='word_1_313' title='bbox 1522 3401 1574 3449; x_wconf 76' lang='lat'><strong>14</strong></span> <span class='ocrx_word' id='word_1_314' title='bbox 1608 3410 1706 3452; x_wconf 78' lang='lat' dir='ltr'><strong>sqq.</strong></span> 
     </span>
    </p>
   </div>
  </div>
 </body>
</html>
