2315 3868
674 292 1002 337 HISTORIAS
1039 289 1433 333 PHILIPPICAS.
1831 303 1844 329 ι
1859 287 1919 346 93

262 391 366 433 Cn.
402 391 464 435 11.
516 392 599 433 Tot
628 390 771 433 bellis.
803 391 837 432 Ι.
882 405 919 430 e.
956 389 1047 430 hoc
1079 388 1185 429 loco
1218 386 1421 444 proeliis,
1457 393 1508 427 ut
1539 399 1701 442 supra,
1741 397 1821 439 lx,
1848 390 1873 436 l,
1908 402 1916 427 ς

202 467 340 510 Bello
370 476 743 526 consumptorum
779 479 974 522 corpora
998 464 1253 521 sepultura?
1284 462 1496 504 reddidit.

264 541 440 590 AEtolos
454 554 609 586 autem
616 542 857 601 principes
872 541 908 583 G
915 538 1072 582 roecioe
1085 538 1438 595 sempetsuisse.
1456 539 1508 580 In
1526 554 1612 596 qua
1630 553 1679 581 re
1694 538 1785 582 hoc
1797 545 1919 580 certe

195 635 377 674 verum,
411 619 538 677 quod
570 619 617 661 in
652 616 787 660 bellis
821 631 921 658 cum
952 614 1199 672 Philippo,
1228 613 1501 656 Alexandro
1526 622 1571 656 et
1606 614 1922 658 decessoribus

196 695 318 752 ejus,
344 694 549 738 libertati
579 708 760 751 semper
778 691 1039 735 felicissime
1071 690 1546 747 studuerantzneque
1584 706 1786 748 unquam
1819 701 1925 734 ante

196 771 279 814 ulli
327 780 525 830 tyranno
574 769 875 813 serviverant.
934 768 1152 825 Ephorus
1197 765 1341 808 modo
1392 765 1555 808 citatus
1608 766 1666 809 de
1703 768 1869 811 AEtolis
1914 785 1922 810 :

198 856 299 900 ἔθνος
326 852 412 894 ἐστὶ
436 849 713 908 μηδεπώποτε
729 852 988 908 γεγενημένον
1023 853 1084 905 ὑφ’
1112 850 1271 905 ἑτέροις,
1302 849 1404 889 ἀλλὰ
1429 849 1568 889 πάντα
1592 850 1656 890 τὸν
1685 855 1923 906 μνημονευό-

203 946 318 985 μενον
346 930 479 984 χρόνον
507 929 724 984 μεμενηκος
750 929 985 983 ἀπόρθπτον.

260 1001 364 1044 Cn.
404 1001 490 1042 III.
526 999 701 1042 Sicilioe
732 999 864 1057 regis.
894 999 939 1040 Is
964 1005 1061 1041 erat
1089 996 1249 1039 Hiero.
1278 995 1396 1038 Vide
1430 1011 1582 1045 xxtn,
1619 1012 1655 1039 c.
1691 997 1732 1039 3.

262 1078 547 1121 Laodamia.
595 1078 727 1120 MSS.
755 1074 928 1118 Justini
978 1075 1272 1126 Laudamia,
1311 1082 1360 1116 ut
1390 1089 1524 1131 supra
1563 1074 1763 1118 vidimus
1794 1076 1923 1118 Lau—

201 1154 334 1210 dice,
366 1154 650 1196 Laumedon.
684 1153 899 1195 Ceterum
945 1150 1257 1194 conferendus
1303 1149 1376 1192 hic
1405 1158 1471 1192 est
1498 1150 1762 1210 Polyaenus,
1800 1167 1897 1195 v111
1917 1186 1929 1205 ,

198 1246 234 1275 c.
286 1228 371 1286 52,
403 1228 709 1287 corrigendus
746 1228 933 1286 quidem
968 1243 1024 1269 ‹x
1058 1226 1267 1278 Justin0‚
1308 1226 1388 1268 sod
1433 1226 1566 1283 hujus
1613 1228 1929 1271 narrationem

199 1307 374 1365 optime
406 1306 630 1364 supplens
667 1321 677 1347 ε
719 1307 930 1365 Δηὶδαμία
953 1311 1102 1365 Πύρρου
1135 1310 1307 1364 θυγάτηρ
1334 1302 1526 1363 Ᾰυῶβροικ
1531 1327 1575 1349 eze
1611 1313 1882 1367 κατα7οιβομέ
1884 1329 1928 1355 νη

196 1394 426 1446 τιμωρῆσαι
451 1388 693 1442 Πτολεμαίῳ
729 1383 779 1425 (όῖ
760 1392 835 1440 7ῳ
868 1386 1089 1440 φονευθέντι
1125 1400 1220 1439 προε
1205 1390 1319 1439 7ομε
1313 1385 1366 1427 ’νη
1401 1385 1692 1442 πρεσβευσαμ
1676 1404 1766 1427 νων
1806 1392 1912 1428 Ηπει

197 1470 330 1521 ρωτῶν
355 1465 421 1506 τὸν
452 1464 626 1520 πόλεμον
664 1464 856 1503 κατέθετο
894 1461 958 1502 ἐπὶ
991 1467 1046 1516 τῷ
1084 1477 1148 1501 τον
1174 1466 1310 1516 κλῆρον
1355 1462 1423 1501 καὶ
1455 1461 1527 1509 τὰς
1565 1463 1686 1518 τιμὰς
1719 1466 1783 1518 ἔεχ
1789 1481 1818 1504 ιν
1851 1471 1929 1505 τῶν

197 1541 412 1598 προγόνων“
441 1539 511 1582 καὶ
538 1540 725 1590 λαβοῦσα
751 1538 906 1584 πίστει
892 1537 1183 1585 simoniam·
1211 1536 1358 1584 συνταξ
1363 1538 1441 1577 aius
1444 1555 1500 1578 νο
1547 1538 1668 1594 γὰρ
1653 1546 1729 1579 τῶν
1756 1545 1845 1580 Ηπε
1831 1557 1933 1595 ι-ιρω

197 1622 276 1658 τῶν
320 1632 424 1664 τινες
458 1617 647 1672 Νέστορα.
687 1620 764 1656 τῶν
806 1606 1031 1669 Ᾱλεξοίνὸρο
1016 1630 1055 1653 υ
1093 1614 1444 1668 σωματοφΏοίκων
1493 1614 1605 1670 ἀναιρ
1610 1632 1683 1659 τσο
1687 1633 1763 1656 ara.
1807 1619 1928 1662 αὐτην

201 1693 477 1751 εἰσέπεμψαν,
521 1695 605 1730 etc.
640 1701 650 1728 :
694 1684 819 1728 unde
861 1692 1080 1741 apparet,
1123 1698 1262 1741 quam
1300 1683 1442 1726 multa
1473 1698 1528 1726 ex
1566 1685 1732 1728 harum
1777 1702 1930 1730 rerum

201 1764 430 1808 memoria
462 1762 704 1822 perierint.

267 1841 457 1884 Dl'clnoe.
488 1841 640 1895 Quam
664 1839 898 1883 vocabant
933 1836 1141 1899 Ἡγεμόνην
1177 1836 1402 1899 Ᾱρτέμιδα.

264 1916 540 1976 Antigonus,
572 1915 867 1975 Cognomine
896 1917 1056 1959 Doson
1074 1946 1088 1966 ‚
1115 1912 1235 1956 filius
1266 1912 1491 1956 Demetrii
1515 1913 1727 1968 Pulchri,
1756 1913 1813 1957 de
1841 1929 1932 1972 quo

200 1993 310 2038 vide
344 1993 406 2037 ad
435 2009 578 2050 xxv1‚
612 2009 650 2036 c.
681 1993 725 2038 3.

268 2071 631 2129 Matr-epupilli.
664 2069 846 2113 Phthia.
880 2068 1000 2111 Vide
1035 2067 1094 2111 ad
1118 2083 1216 2127 cap.
1256 2085 1274 2112 1
1295 2103 1306 2123 ,
1339 2084 1383 2127 p.
1409 2069 1513 2113 131.

272 2148 379 2193 CAP.
425 2149 504 2193 IV.
549 2148 735 2189 Bellum
771 2146 1018 2204 Spartanis
1051 2144 1198 2202 infert.
1244 2146 1496 2189 Arcessitus
1526 2143 1649 2188 enirn
1687 2143 1838 2187 fuerat
1874 2143 1934 2187 ab

204 2227 380 2279 Arato,
411 2239 554 2282 quum
581 2239 606 2265 a
634 2223 886 2266 Cleomene
918 2221 1085 2265 acriter
1108 2231 1433 2280 premerentur
1464 2221 1637 2265 Achaei.

278 2301 399 2344 Victi
422 2299 789 2343 Lacedoemonii.
819 2299 916 2342 Sub
938 2299 1053 2342 duce
1071 2299 1336 2342 Cleomene.
1357 2300 1525 2342 Narrat.
1547 2298 1671 2341 enim
1702 2298 1935 2342 celebrem

208 2394 260 2422 ac
284 2392 473 2437 gravem
509 2391 716 2435 pugnam
749 2375 809 2419 ad
841 2375 1120 2427 Sellasiam,
1154 2374 1322 2418 factam
1351 2383 1458 2418 ante
1486 2376 1535 2417 C.
1565 2375 1622 2417 N.
1655 2390 1694 2418 a.
1726 2389 1834 2418 222.

271 2456 584 2498 Reservaoem.
611 2452 798 2496 Scilicet
820 2451 884 2494 ita
901 2485 913 2507 ,
935 2461 985 2495 ut
1012 2451 1252 2510 Antigono
1285 2466 1381 2494 sese
1414 2451 1652 2495 dederent.

271 2532 597 2576 Ptolemoeum.
635 2531 896 2588 Evergeten
922 2528 1219 2587 cognomine.

274 2608 446 2667 Afilio
475 2607 584 2663 ejus.
611 2607 647 2650 Ι.
678 2622 715 2649 e.
746 2621 772 2650 a
800 2606 1051 2649 Ptolemaeo
1069 2606 1382 2664 Philopatore.
1409 2604 1680 2648 Accuratius
1710 2605 1805 2647 haec
1831 2618 1937 2646 nar·

210 2695 317 2731 rant
344 2685 636 2737 Plutarchus,
672 2683 721 2726 in
760 2684 868 2725 Vita
901 2684 1065 2737 Arati,
1093 2692 1137 2726 et
1165 2683 1434 2737 Pausanias,
1465 2698 1527 2736 11,
1560 2684 1662 2740 9‚§
1698 2681 1737 2725 3.

277 2763 484 2806 Decedet.
518 2763 570 2804 In
605 2760 773 2820 proelio
811 2759 1030 2803 adversus
1064 2760 1264 2819 Illyrios.

274 2842 437 2883 Annos
453 2855 539 2882 xlv
559 2848 684 2881 nato.
704 2839 853 2881 Immo
871 2835 1072 2880 sedecim
1098 2851 1247 2880 annos
1263 2843 1397 2878 natus
1430 2843 1526 2877 tum
1543 2841 1640 2876 erat
1672 2832 1938 2891 Philippus,

212 2923 261 2957 ut
287 2915 508 2974 Polybius
540 2913 787 2972 aliquoties
811 2921 1040 2956 memorat
1068 2912 1116 2955 in
1146 2912 1269 2956 libro
1305 2927 1370 2954 lv.

772 3051 843 3094 IN
881 3050 1160 3093 LIBRUM
1193 3049 1389 3092 XXIX.

277 3208 424 3251 Multa
461 3208 509 3250 in
553 3209 644 3252 hoc
673 3209 796 3253 libro
833 3225 890 3252 ex
934 3206 1131 3266 Polybio
1169 3207 1329 3250 hausta
1371 3220 1467 3249 esse
1498 3203 1742 3259 videntur,
1773 3217 1939 3262 quam-

215 3299 353 3343 quam
375 3284 502 3327 idem
524 3299 614 3342 pro
646 3285 870 3343 primario
900 3285 1016 3328 duce
1053 3283 1263 3341 Pompeii
1294 3282 1458 3326 haberi
1492 3297 1587 3324 non
1621 3287 1804 3338 potest:
1833 3293 1940 3322 narn

497 3388 558 3423 11.
1640 3363 1702 3419 13
