2315 3868
436 370 493 414 88
704 369 936 412 JUSTINI
970 369 1409 414 HISTORIARUM
1445 372 1558 414 LIB.
1598 372 1859 415 XXXVIII.

435 493 586 548 reges
617 490 924 543 occurrere,
960 472 1232 527 tradentes
1267 495 1345 543 se,
1380 494 1651 550 regnaque
1682 494 1799 539 sua,
1830 493 1955 525 611111
1987 492 2131 526 exse·

436 570 675 622 eratione
704 571 967 644 superbiae
994 573 1267 647 parthicae.
1296 575 1410 627 Nec
1440 593 1589 627 mora
1617 571 1983 646 congressioni
2013 569 2131 624 fuit.

436 666 757 736 AntiochUS,
782 669 954 724 tribus
976 670 1176 745 proeliis
1198 672 1388 740 vietor,
1410 692 1578 746 quum
1602 669 1955 744 Babyloniam
1976 689 2135 723 occu-

435 777 642 840 passet,
679 769 913 843 Magnus
950 767 1137 822 haberi
1171 770 1349 843 coepit.
1386 772 1575 843 Itaque
1608 769 1858 823 omnibus
1902 766 1970 821 ad
2013 787 2134 821 eum

437 863 651 940 populis
677 865 1072 937 deficientibus,
1101 865 1235 922 nihil
1259 868 1474 922 Parthis
1499 867 1694 942 reliqui
1718 881 1909 944 praeter
1937 868 2138 942 patrios

437 962 571 1017 fines
619 963 736 1018 fuit.
786 967 940 1019 Tunc
988 965 1284 1020 Phrahates
1329 967 1671 1020 Demetrium
1714 969 1769 1020 in
1816 967 2027 1041 Syriam
2073 964 2141 1020 ad

440 1062 818 1136 occupandum
855 1084 1087 1139 regnum
1121 1084 1244 1118 cum
1279 1064 1525 1138 parthico
1561 1064 1810 1139 praesidio
1848 1066 2045 1136 mittit,
2080 1075 2142 1118 ut

439 1179 502 1212 6ο
531 1171 690 1233 pacto
714 1161 1019 1215 Antiochus
1043 1162 1111 1215 ad
1136 1183 1232 1216 sua
1255 1161 1457 1217 tuenda
1481 1183 1512 1216 a
1533 1162 1753 1217 Parthia
1779 1175 2140 1218 revocaretur.

440 1258 692 1327 Interim,
735 1259 993 1333 quoniam
1035 1260 1239 1314 viribus
1279 1281 1389 1314 non
1433 1273 1671 1336 poterat,
1714 1261 1918 1315 insidiis
1953 1262 2144 1317 Antio-

441 1355 603 1408 chum
628 1357 828 1431 ubique
854 1359 1110 1412 tentabat.
1141 1362 1372 1435 Propter
1400 1358 1806 1414 multitudinem
1830 1361 2144 1432 hominum,

440 1454 734 1509 exercitum
788 1476 946 1510 suum
997 1458 1300 1513 Antiochus
1356 1479 1453 1533 per
1506 1460 1747 1513 civitates
1801 1462 1855 1514 in
1908 1461 2146 1535 hyberna

441 1550 728 1607 diviserat:
755 1575 873 1628 quae
914 1576 996 1609 res
1029 1558 1177 1610 exitii
1211 1577 1372 1611 causa
1403 1557 1522 1610 fuit.
1560 1560 1701 1612 Nam
1736 1579 1904 1631 quum
1936 1562 2146 1634 gravari

441 1670 496 1703 se
546 1651 828 1727 copiarum
875 1653 1222 1728 praebitione,
1271 1667 1323 1709 et
1371 1656 1583 1730 injuriis
1627 1655 1862 1711 militum
1905 1658 2148 1713 civitates

440 1749 716 1821 viderent,
759 1751 828 1805 ad
870 1753 1100 1807 Parthos
1141 1753 1433 1824 deficiunt3
1479 1768 1531 1809 et
1571 1754 1656 1809 die
1695 1768 1927 1825 statuta,
1966 1778 2150 1812 omnes

439 1847 585 1923 apud
628 1868 682 1903 se
735 1848 969 1904 divisum
1018 1854 1314 1907 exercitum
1360 1873 1457 1928 per
1500 1854 1754 1925 insidiaS,
1803 1876 1870 1908 ne
1919 1857 2150 1911 invicem

439 1946 577 2000 ferre
605 1946 807 2002 auxilia
832 1963 1076 2023 possent,
1103 1951 1511 2027 aggrediuntur.
1543 1954 1679 2024 Quae
1705 1974 1875 2028 quum
1901 1956 2151 2010 nuntiata

438 2047 708 2102 Antiocho
756 2060 962 2119 essent,
1012 2048 1273 2103 auxilium
1320 2053 1581 2125 proximis
1630 2051 1874 2122 laturus,
1919 2074 2043 2108 cum
2092 2077 2151 2109 ea

440 2165 635 2216 manu,
680 2167 799 2221 quae
844 2167 1026 2202 secum
1073 2149 1391 2223 hyemabat,
1437 2151 1802 2226 progreditur.
1852 2156 1917 2206 In
1964 2154 2155 2210 itinere

441 2245 661 2300 obvium
696 2266 878 2322 regem
914 2247 1243 2302 Parthorum
1281 2249 1504 2319 habuit,
1547 2249 1804 2304 adversus
1843 2272 2006 2326 quem
2041 2252 2152 2306 for-

442 2345 578 2412 11115,
627 2365 792 2419 quam
836 2347 1104 2401 exercitus
1149 2348 1298 2422 erS,
1345 2348 1640 2403 dimicavit.
1685 2348 1770 2403 Ad
1816 2363 2153 2425 postremum

444 2455 622 2498 tamen
652 2465 823 2520 quum
854 2447 1054 2500 virtute
1084 2446 1264 2500 hostes
1297 2448 1597 2517 vincerent,
1630 2460 1778 2503 metu
1809 2470 2033 2505 suorum
2060 2450 2152 2505 de-

443 2555 615 2597 sertus
655 2545 926 2599 occiditur
969 2566 980 2598 t
1027 2547 1113 2599 cui
1153 2547 1451 2602 Phrahates
1495 2550 1774 2623 exsequias
1810 2550 1959 2625 regio
2004 2571 2156 2606 more

442 2641 594 2713 fecit,
636 2643 911 2720 filiamque
951 2647 1241 2716 Demetrii,
1284 2668 1446 2722 quam
1488 2669 1670 2703 56611111
1713 2649 2016 2704 Antiochus
2059 2650 2155 2705 ad-

443 2739 699 2813 duxerat,
742 2756 929 2819 captus
974 2765 1157 2799 amore
1197 2746 1456 2821 virginis,
1496 2768 1721 2802 uxorem
1763 2747 1932 2802 duxit.
1978 2751 2156 2803 Poeni-

445 2853 556 2896 tere
586 2841 779 2897 deinde
810 2843 1015 2898 dimissi
1048 2847 1313 2900 Demetrii
1344 2849 1504 2922 coepit
1537 2869 1547 2901 :
1580 2847 1647 2901 ad
1677 2868 1838 2922 quem
1870 2849 2154 2903 retrahen-

443 2939 574 2994 dum
610 2962 778 3015 quum
828 2956 1036 3001 turmas
1080 2947 1327 3020 equitum
1367 2947 1618 3002 festinato
1657 2948 1917 3018 misisset,
1960 2951 2156 3005 Deme-

443 3041 609 3096 trium
640 3041 742 3096 hoc
770 3043 948 3117 ipsum
978 3058 1309 3101 metuentem
1332 3048 1445 3122 jam
1475 3049 1529 3100 in
1562 3067 1729 3122 regno
1760 3049 1906 3102 missi
1936 3050 2155 3104 invene-

442 3156 605 3213 runt3
640 3143 945 3219 frustraque
981 3147 1161 3200 omnia
1197 3149 1377 3202 conati
1398 3191 1411 3216 ,
1448 3147 1513 3201 ad
1547 3168 1727 3223 regem
1762 3169 1921 3203 suum
1955 3151 2154 3204 reversi

444 3256 584 3296 sunt.
