2315 3868
627 392 961 437 HISTORIAS
995 388 1396 433 PHILIPPICAS.
1793 400 1878 444 197

228 491 394 534 Nabz'n.
425 489 517 544 Qui
550 497 646 532 erat
681 497 903 547 tyrannus
932 486 1282 543 Spartanorum.
1319 483 1410 525 Res
1444 490 1567 540 gesta
1602 489 1669 524 est
1701 479 1759 524 ad
1791 495 1882 539 op—

158 567 326 626 pidum
359 565 732 625 Cynoscephalas
757 564 805 606 in
832 560 1064 606 Thessalia
1083 594 1095 614 ‚
1129 576 1167 605 a.
1204 560 1253 603 C.
1279 561 1334 602 N.
1377 574 1479 617 197.

225 643 529 701 Hispaniam.
558 641 678 696 Quia
712 639 822 682 inde
858 640 1024 681 Poenos
1049 637 1294 694 ejecerant.

225 719 478 777 Philippo,
507 732 658 776 puero
699 716 960 758 immaturae
994 713 1166 757 oetacis.
1212 711 1322 754 Non
1357 725 1500 754 senex
1533 708 1722 767 quidem
1759 717 1884 762 erat,

159 795 241 838 scd
268 795 338 837 vir
361 803 517 836 tamen
543 791 853 851 quadraginta
887 806 1036 833 annos
1058 797 1207 832 natus.
1241 786 1367 830 Talis
1393 801 1506 830 vero
1531 799 1651 844 saepe
1687 793 1755 828 est
1784 799 1885 830 ma-

157 869 483 927 gniloquentia
507 868 754 912 rhetorica.

232 946 364 989 Vicit.
402 944 588 989 Scilicet
612 945 670 988 ad
694 943 1088 1004 Cynoscephalas,
1116 951 1165 985 ut
1190 941 1333 984 modo
1369 941 1586 983 diximus.

709 1100 786 1144 IN
823 1098 1106 1143 LIBRUM
1141 1097 1339 1141 XXXI.

227 1240 379 1285 Etiam
413 1241 508 1284 haec
543 1257 566 1282 a
602 1239 804 1298 Polybio
838 1247 987 1281 sumta
1016 1252 1112 1280 esse
1159 1234 1392 1278 videntur.
1429 1234 1704 1277 Accuratior
1737 1248 1888 1276 rernm

159 1317 331 1361 notitia
363 1317 460 1376 peti
505 1323 660 1374 potest
695 1331 753 1358 ex
798 1313 958 1366 Livio,
998 1313 1130 1355 libris
1163 1326 1330 1354 xxx111
1375 1319 1418 1353 et
1450 1325 1579 1368 sqq.,
1615 1318 1661 1353 et
1701 1326 1758 1353 ex
1791 1316 1890 1368 Ap-

158 1393 306 1451 piano
343 1393 391 1435 in
430 1392 644 1450 Syriacis.
682 1391 866 1432 Bellum
894 1390 1219 1433 Romanorum
1252 1401 1355 1430 cum
1392 1385 1580 1440 AEtolis,
1616 1387 1741 1444 quod
1779 1399 1892 1428 nar-

162 1477 347 1512 raverat
380 1469 430 1511 in
455 1468 545 1511 hoc
568 1467 694 1510 libro
721 1465 999 1524 Pompeius,
1027 1464 1086 1506 ab
1122 1463 1307 1506 Justino
1337 1462 1574 1506 omissum.

228 1546 334 1589 CAP.
368 1545 404 1587 1.
452 1545 743 1587 Domestc'cc's.
789 1543 825 1585 Ι.
863 1557 902 1585 e.
942 1539 1188 1599 Agathocli
1231 1548 1276 1583 et
1321 1539 1483 1582 ceteris
1529 1540 1799 1582 hominibus
1837 1555 1895 1581 ex

163 1623 265 1665 aula
312 1621 472 1680 patris.
511 1620 632 1663 Vide
670 1620 858 1679 plenam
897 1616 1213 1661 narrationem
1254 1616 1380 1675 apud
1415 1618 1691 1672 Ponmmz,
1734 1617 1761 1658 l.
1807 1631 1895 1669 κν,

162 1715 200 1742 c.
221 1697 280 1742 25
313 1706 359 1741 et
383 1713 483 1757 sqq.

229 1776 411 1818 Multas
448 1775 650 1818 Groecioe
681 1773 899 1817 civitates.
941 1775 1093 1816 Immo
1128 1772 1304 1815 nullam
1340 1781 1505 1829 praeter
1538 1775 1686 1829 Argos
1705 1803 1717 1822 ,
1756 1784 1893 1827 qnam

164 1851 411 1910 Philippus
439 1851 482 1894 ei
515 1859 622 1893 ante
653 1865 803 1894 annos
827 1849 1007 1907 aliquot
1037 1857 1342 1893 concesserat.

236 1927 340 1973 Cu».
379 1928 442 1971 ΙΙ.
490 1926 682 1970 Cnoeum
733 1926 990 1971 Serviliam.
1030 1925 1196 1981 Livio,
1227 1940 1410 1979 xxxin,
1457 1940 1494 1967 c.
1528 1930 1611 1980 47,
1648 1931 1716 1966 est
1760 1922 1902 1966 Caius

166 2003 406 2049 Servilius.

234 2083 511 2126 Italicorum
533 2083 832 2140 captivorum.
871 2100 888 2120 c<
916 2080 1062 2138 Atqui
1097 2079 1280 2133 Livius,
1313 2094 1409 2122 xxx
1429 2112 1440 2131 ,
1471 2093 1528 2133 27
1547 2112 1558 2131 ,
1582 2076 1744 2119 scribit
1779 2075 1901 2118 inter

168 2159 471 2202 conditiones
495 2158 620 2217 pacis
650 2158 786 2201 etiam
811 2158 932 2201 hanc
957 2156 1118 2209 fuisse,
1156 2165 1201 2198 ut
1238 2154 1643 2213 Carthaginienses
1676 2151 1900 2195 Romanis

171 2235 379 2293 captivos
406 2250 564 2278 omnes
595 2235 845 2277 traderent.
888 2232 1145 2288 Quomodo
1180 2247 1291 2290 ergo
1315 2231 1365 2274 hi
1388 2246 1635 2274 numerum
1663 2242 1899 2271 servornm

172 2311 424 2354 Annibalis
457 2326 624 2369 augere
659 2309 942 2369 potuerunt?
966 2330 982 2348 »
1008 2311 1387 2354 Fnsslnsuemius.

244 2388 505 2431 Consulem.
531 2388 567 2430 Ι.
604 2403 641 2429 e.
679 2386 917 2430 Suffetem.

237 2464 341 2506 CAP.
355 2464 440 2505 III.
458 2463 638 2506 Multas
654 2463 856 2506 civitates
873 2463 1112 2521 repentino
1128 2463 1247 2506 bello
1267 2461 1447 2504 invasit.
1467 2459 1708 2502 Excitatus
1726 2456 1900 2499 scilicet

172 2541 233 2584 ab
263 2540 455 2594 AEtolis,
486 2539 566 2598 qui
595 2555 775 2583 summo
808 2548 906 2581 tum
935 2548 1067 2582 erant
1101 2540 1150 2581 in
1184 2540 1424 2582 Romanos
1461 2535 1573 2579 odio
1611 2534 1801 2577 incensi.

244 2618 557 2661 Flaminino...
594 2626 962 2675 compararetur.
989 2617 1060 2659 Sc.
1094 2615 1431 2674 Philopoemen.
1462 2635 1478 2652 (ι
1502 2611 1644 2667 Quod
1669 2608 1898 2653 Flamini-

175 2711 264 2739 nus
288 2694 526 2752 aegerrime
551 2694 678 2748 tulit3
711 2694 1010 2746 Plutarchus,
1035 2692 1082 2734 in
1119 2692 1226 2734 Vita
1261 2691 1624 2748 Philopoemen„
1661 2703 1698 2730 c.
1734 2684 1819 2739 25,
1857 2694 1901 2727 et

173 2771 454 2824 Flaminini,
489 2786 526 2813 c.
568 2769 625 2812 23
646 2803 656 2823 ,
687 2770 809 2812 inter
843 2784 998 2812 causas
1033 2767 1155 2811 finiti
1191 2784 1290 2811 cum
1325 2766 1511 2810 Nabide
1546 2763 1660 2807 belli
1698 2770 1906 2806 recenset

176 2847 432 2891 Flaminini
464 2847 694 2889 invidiam
736 2854 779 2888 et
827 2845 1168 2888 aemulationem
1201 2845 1436 2887 honorum
1470 2838 1852 2898 Philopoemenis
1890 2857 1907 2875 »

178 2924 414 2967 Boacias.
448 2923 580 2967 Adde
612 2924 823 2976 Livium,
856 2937 1006 2975 XXXV,
1042 2920 1116 2964 30.

249 3000 370 3058 Regi
399 3000 590 3043 sedenti.
624 3000 658 3042 1.
695 3015 732 3041 e.
771 2998 941 3041 otioso.
971 2998 1044 3040 Sic
1073 2998 1246 3049 Varro,
1282 2997 1340 3038 de
1374 2996 1439 3037 Re
1462 2995 1658 3047 ruslc'ca,
1689 3008 1733 3046 1,
1763 3007 1800 3034 c.
1833 3007 1856 3033 2
1900 3007 1907 3032 :

181 3096 199 3112 «
233 3076 473 3118 Romanos
517 3074 726 3118 sedendo
762 3074 886 3117 vicit.
919 3094 936 3111 »
965 3073 1150 3128 Livius,
1179 3089 1254 3126 ix,
1281 3088 1317 3115 c.
1352 3072 1376 3112 ’ἦ
1412 3087 1422 3112 1
1465 3091 1482 3109 τ(
1513 3068 1689 3112 Sedens
1728 3067 1906 3110 bellum

182 3149 414 3195 conficiet.
446 3170 464 3189 »
503 3151 659 3206 Idem,
695 3167 837 3205 xxxi,
873 3167 909 3194 c.
952 3149 1011 3193 38
1038 3167 1047 3193 ;
1075 3170 1093 3189 «
1130 3149 1379 3193 Sedentem
1408 3149 1673 3190 Romanum
1698 3143 1910 3187 debella—

183 3237 339 3269 turum
370 3227 498 3270 credi
522 3236 720 3284 poterat.
746 3248 764 3265 ³>

252 3304 356 3347 Cir.
395 3303 473 3346 IV.
516 3304 640 3346 Unus
670 3319 730 3346 ex
762 3304 1014 3346 comitibus.
1053 3302 1271 3354 Ariston,
1305 3308 1536 3343 mercator
1561 3296 1734 3355 syriuS,
1774 3311 1909 3354 quem

187 3380 341 3439 specle
370 3381 617 3439 legatione&
646 3379 836 3423 missum
867 3387 1057 3422 narrant
1095 3377 1339 3437 Appiauus
1373 3385 1415 3419 ct
1450 3373 1625 3417 Livius.
