2315 3868
398 384 484 431 156
962 386 1146 429 NOTAE
1181 387 1244 429 IN
1285 388 1522 431 JUSTINI

393 490 638 534 Celtiberia
674 489 919 531 collocant.
948 490 1120 532 Eorum
1153 506 1326 533 nornen
1357 491 1473 533 mihi
1502 491 1685 533 videtur
1719 492 2029 550 compositum
2052 510 2106 537 ex

391 575 559 629 ἡγέομαι
583 565 657 607 vel
681 572 791 627 ἄγω,
815 563 934 608 duco
952 598 964 619 ,
988 573 1102 627 ἀγός,
1136 566 1229 608 dux
1246 600 1257 619 ,
1286 575 1329 609 et
1359 567 1509 625 Brigii
1529 567 1604 609 vel
1627 567 1806 625 Bryges
1831 582 1919 625 pro
1951 567 2108 626 Phry-

389 657 494 700 ges,
526 641 743 684 ductores
775 641 1033 700 Phrygum;
1066 642 1198 699 quasi
1218 643 1513 686 Phocaeenses
1547 657 1632 700 pro
1656 643 1915 701 Phrygibus
1941 659 1967 687 a
1997 646 2111 687 Gal-

391 717 445 759 lis
478 716 628 759 habiti
654 716 859 760 fuissent.
897 719 1124 761 Caeterum
1156 717 1219 760 sic
1253 719 1393 772 Arar,
1421 716 1586 762 fluvius
1612 719 1890 774 AEduorum‚
1915 721 1993 778 qui
2023 722 2108 764 Be—

391 792 677 851 recynthiam
695 826 707 847 ,
731 793 937 852 Phrygiae
969 793 1126 847 deam,
1159 792 1401 847 colebant,
1425 796 1665 853 Brigulus,
1699 809 1786 852 pro
1816 794 2109 855 Phrygulus,

392 884 416 913 a
451 869 642 912 nomine
675 869 910 927 Phrygum
929 901 941 920 ,
979 867 1125 911 dictus
1165 876 1275 910 erat.
1321 869 1483 912 Facilis
1514 870 1667 927 lapsus
1696 878 1762 913 est
1785 893 1811 931 φ
1842 870 1889 912 in
1922 878 1957 928 β,
1997 871 2115 915 Vide

391 960 530 999 xxw,
571 942 624 998 5,
657 945 833 1003 Belgio.

458 1020 561 1062 Cap.
587 1021 666 1064 IV.
702 1019 943 1062 Comanus.
980 1020 1254 1062 Ptolemaeus
1285 1021 1539 1064 Massiliam
1569 1031 1704 1065 vocat
1736 1034 1956 1084 Κομμονῶν
1981 1037 2113 1080 πολ»,

397 1097 748 1140 Commonorum
773 1096 931 1137 urbem
949 1129 960 1150 ,
984 1095 1103 1138 forte
1129 1089 1187 1151 ab
1211 1096 1301 1139 hoc
1323 1111 1432 1155 rege
1457 1106 1533 1139 aut
1557 1097 1761 1154 ejusdem
1777 1097 1981 1140 nominis
2006 1099 2111 1141 alio.

398 1172 745 1215 Commonorum
773 1171 897 1214 enim
926 1172 1208 1230 populorum
1241 1180 1284 1214 et
1314 1171 1513 1215 Comani
1539 1173 1659 1231 regis
1693 1173 1851 1216 Galliae
1880 1173 2110 1226 Comatoe,

393 1248 585 1291 nomina
620 1255 741 1290 certe
778 1247 987 1291 eamdem
1023 1248 1252 1306 originem
1285 1249 1492 1292 habent:
1531 1249 1705 1292 scilicet
1741 1249 1968 1292 Comanus
1998 1265 2023 1291 a
2053 1257 2116 1296 κό-

395 1348 476 1386 μῃ,
525 1322 728 1366 caesaries
775 1324 917 1378 culta,
964 1339 1116 1377 coma,
1174 1322 1404 1382 significat
1456 1335 1689 1377 comatus,
1743 1324 1860 1367 sicut
1907 1324 2116 1367 intonsus

394 1399 587 1457 Apollo,
615 1398 832 1442 Massiliis
849 1400 1015 1453 cultus;
1036 1399 1276 1442 Commoni
1300 1415 1411 1442 vero
1429 1401 1624 1453 comati,
1657 1416 1681 1442 a
1710 1400 1960 1457 participio
1985 1400 2118 1443 verbi

395 1483 558 1537 κςμάω,
586 1491 768 1519 comam
801 1477 891 1523 alo,
924 1475 1040 1518 Inde
1065 1475 1220 1517 forsan
1246 1475 1397 1517 nostri
1425 1490 1556 1533 reges
1580 1476 1742 1518 criniti.
1778 1475 2117 1534 Commoniigi-

395 1560 469 1593 tur
505 1566 604 1594 non
646 1551 966 1594 confundendi
1015 1560 1120 1592 sunt
1168 1565 1268 1592 cum
1308 1549 1605 1602 Cenomanis,
1641 1565 1757 1607 quos
1793 1550 1966 1593 Plinius
2000 1551 2120 1593 circa

394 1626 648 1669 Massiliam
682 1627 729 1669 in
765 1627 923 1669 Volcis
957 1625 1189 1668 habitasse
1222 1625 1388 1679 refert,
1424 1625 1749 1683 immeritoque
1783 1624 1965 1668 dubitat
1996 1624 2118 1669 Bon-

395 1703 570 1760 garsius
603 1719 660 1746 an
686 1703 735 1745 in
765 1703 1015 1746 Ptolemaeo
1050 1702 1275 1745 mendum
1306 1702 1377 1745 sit.

462 1780 564 1823 CAP.
599 1782 654 1822 V.
689 1781 744 1822 In
775 1789 953 1822 senatu.
991 1779 1045 1822 Id
1092 1787 1158 1821 est
1202 1779 1323 1821 inter
1366 1786 1624 1831 senatores,
1663 1778 1710 1820 in
1752 1779 2010 1830 orchestra,
2041 1778 2121 1821 ubi

397 1865 580 1900 senatus
613 1856 819 1899 sedebat.
856 1855 952 1909 Sic,
986 1855 1048 1897 ait
1076 1856 1236 1909 Bern.,
1269 1854 1546 1908 Suetonius,
1581 1854 1766 1907 Claud„
1795 1870 1910 1908 xxv,
1940 1854 2018 1908 16,
2051 1855 2121 1897 di-

397 1933 457 1975 cit
491 1931 735 1975 Armenios
766 1932 939 1974 sedisse
989 1931 1035 1973 in
1079 1940 1267 1981 senatu,
1303 1932 1393 1973 1100
1425 1939 1519 1984 est,
1552 1939 1599 1972 ut
1634 1930 1809 1972 ibidem
1841 1930 2121 1987 explicatur,

399 2011 445 2052 in
495 2009 756 2060 orchestra,
803 2023 880 2050 seu
926 2008 1032 2050 loco
1066 2008 1125 2050 ad
1172 2007 1339 2050 theatri
1377 2006 1585 2060 radices,
1617 2021 1761 2049 scenae
1792 2006 2032 2064 proximo,
2064 2023 2121 2050 ex

400 2102 493 2145 quo
527 2095 763 2129 senatores
796 2085 1081 2144 spectabant.
1119 2085 1190 2127 Ita
1221 2093 1435 2142 spectare
1460 2085 1506 2125 in
1534 2084 1680 2142 equite
1714 2083 1826 2126 dicit
1857 2066 2120 2138 Siietonius,

398 2163 568 2206 Domit.
591 2196 603 2214 ‚
637 2178 738 2205 v111
758 2195 769 2216 ,
805 2177 854 2216 7,
887 2162 977 2203 hoc
1012 2168 1078 2203 est
1111 2160 1161 2202 in
1201 2159 1491 2218 equestribus
1523 2159 1771 2212 subselliis,
1807 2174 1883 2201 seu
1919 2158 2121 2216 equitum

400 2238 568 2282 cuneis.
604 2238 765 2297 Jungit
799 2236 1135 2290 Tertullianus,
1169 2236 1215 2278 in
1249 2236 1373 2278 libro
1408 2236 1466 2277 de
1508 2235 1814 2293 Spectaculis,
1851 2235 2001 2276 arceri
2041 2250 2119 2277 se—

399 2326 510 2358 natu
544 2325 587 2358 et
615 2316 785 2373 equite,
823 2315 914 2356 hoc
949 2322 1043 2367 est,
1072 2312 1420 2355 honestioribus
1454 2310 1622 2353 theatri
1656 2310 1782 2352 locis.

470 2393 514 2435 V
513 2393 717 2435 ocontiis.
752 2391 905 2449 Vulgo
929 2390 1086 2448 inepte
1116 2406 1147 2431 a
1184 2389 1228 2428 V
1224 2389 1358 2431 olscis
1383 2404 1395 2428 .·
1426 2387 1497 2430 cui
1526 2386 1715 2429 lectioni
1745 2387 1926 2438 Volcoe,
1961 2386 2118 2429 Galliae

402 2469 460 2512 ad
490 2468 775 2511 Rhodanum
807 2475 850 2509 et
883 2481 1009 2508 mare
1041 2464 1231 2523 populi,
1265 2479 1445 2506 causam
1465 2463 1710 2505 dederunt.
1737 2464 1938 2504 Auctore
1962 2461 2111 2504 Plinio

404 2563 489 2599 111,
528 2552 582 2600 4,
619 2554 662 2588 et
693 2561 792 2598 vn,
833 2543 916 2597 18,
949 2541 1170 2585 Vocontii
1189 2540 1431 2598 foederata
1465 2539 1688 2583 Romanis
1717 2554 1830 2597 getis
1865 2547 1985 2593 erat,
2018 2539 2118 2581 for-

402 2638 483 2665 san
512 2622 638 2680 quod
672 2621 860 2665 oriundi
883 2628 1033 2663 essent
1062 2634 1086 2662 0
1111 2617 1475 2661 Massiliensibus
1501 2632 1579 2660 seu
1610 2614 1966 2659 Phocaeensibus
1983 2631 1996 2655 .·
2028 2614 2120 2656 Vo—

403 2699 541 2741 contii
573 2697 696 2741 enim
732 2712 905 2740 nomen
937 2712 962 2738 a
993 2702 1125 2757 φώκη,
1152 2695 1324 2753 phoca,
1359 2693 1474 2736 sicut
1505 2702 1549 2736 et
1582 2692 1902 2745 Phocaeenses,
1937 2705 2120 2747 accepe-

404 2783 524 2817 runt.
562 2773 680 2816 Inde
712 2773 922 2830 ipsorum
955 2771 1084 2830 regio
1116 2779 1279 2828 postea
1309 2769 1626 2828 Delphinaczts
1663 2767 1804 2821 dicta3
1843 2765 1950 2808 inde
1985 2765 2116 2808 etiam

404 2866 525 2893 nunc
556 2848 688 2908 regni
712 2850 854 2892 haeres
888 2847 1126 2906 proximus
1160 2847 1208 2889 in
1238 2847 1412 2898 Gallia,
1447 2845 1704 2903 Delphinus
1735 2850 1936 2886 vocatur.

966 3014 1037 3055 IN
1074 3013 1350 3056 LIBRUM
1381 3010 1567 3053 XLIV.

478 3156 579 3197 CAP.
605 3156 638 3197 Ι.
667 3154 932 3198 Paludibus.
971 3154 1243 3211 Legendum
1280 3153 1397 3195 forte
1415 3148 1716 3206 fluminibus,
1749 3162 1946 3205 quorum
1977 3148 2123 3205 pluria

412 3230 642 3286 Hispaniae
677 3230 885 3272 auriferis
919 3229 1090 3284 arenis,
1124 3238 1173 3271 ut
1207 3230 1380 3286 Tagus,
1413 3223 1775 3268 celebrabantur.
1809 3225 1900 3265 Pro
1929 3223 2124 3281 paludi-

414 3306 514 3355 bus,
554 3321 607 3348 ex
644 3305 930 3348 correctione
965 3305 1174 3348 salmasii
1206 3304 1264 3346 ad
1298 3302 1530 3353 Solinum,
1560 3308 1835 3357 receperunt
1852 3299 2054 3341 Graevius
2083 3306 2126 3341 et

420 3382 569 3423 Burni.
604 3381 861 3433 baim-ihus,-
883 3381 954 3423 cui
988 3380 1175 3424 lectioni
1218 3378 1490 3436 suffragatur
1530 3377 1774 3432 Bongars.‚
1824 3389 1918 3417 non
1977 3382 2124 3415 autem
