2315 3868
569 347 1015 392 HISTORIARUM
1054 345 1170 387 LIB.
1207 344 1369 387 XLIV.
1766 343 1854 385 123

127 477 349 512 casuum
372 453 878 531 periculorumque,
902 452 970 505 ab
994 450 1188 504 eodem
1214 471 1492 504 successor
1514 450 1670 526 regni
1691 449 1854 503 desti-
1902 528 1906 533 Ι

129 567 305 610 natur.
345 556 560 611 Nomen
601 551 679 607 illi
723 552 1044 626 impositum
1080 548 1309 604 Habidis
1349 570 1360 602 :
1397 550 1491 623 qui
1528 562 1588 602 ut
1622 570 1854 624 regnum

127 656 356 730 accepit,
384 665 550 707 tantae
573 650 972 727 magnitudinis
1009 649 1137 719 suit,
1165 662 1227 703 ut
1253 669 1364 703 non
1392 648 1597 702 frustra
1625 649 1854 703 deorum

129 756 409 829 majestate
445 764 528 807 tot
564 751 820 828 periculis
858 764 1077 827 ereptus
1115 749 1395 804 videretur
1436 770 1446 803 :
1487 749 1690 824 quippe
1729 749 1855 804 bar-

128 855 320 908 barum
358 851 626 928 populum
662 852 874 929 legibus
902 852 1112 928 junxit3
1147 863 1201 905 et
1235 851 1400 906 boves
1431 852 1642 925 primus
1676 861 1857 904 aratro

127 953 363 1023 domari,
392 951 780 1029 frumentaque
808 950 959 1007 sulco
982 972 1227 1027 quaerere
1249 951 1463 1019 docuit3
1491 961 1546 1003 et
1573 969 1638 1003 ex
1662 951 1859 1025 agresti

127 1051 250 1106 cibo
277 1052 498 1106 mitiora
527 1053 696 1124 vesci,
727 1051 855 1108 odio
885 1072 1106 1121 eorum,
1139 1072 1259 1127 quae
1288 1052 1403 1127 ipse
1431 1071 1622 1127 passus
1653 1049 1860 1120 fuerat,

126 1153 378 1207 homines
410 1153 603 1229 coegit.
636 1154 813 1229 Hujus
843 1174 998 1208 casus
1025 1151 1261 1207 fabulosi
1295 1151 1638 1223 viderentur,
1673 1151 1777 1205 nisi
1808 1163 1862 1205 et

127 1257 509 1308 Romanorum
537 1253 849 1307 conditores
882 1251 1013 1328 lupa
1042 1253 1265 1321 nutriti,
1299 1264 1351 1306 et
1379 1255 1585 1328 CyruS,
1615 1273 1710 1308 rex
1736 1254 1865 1307 Per-

127 1372 335 1422 sarum,
362 1373 495 1406 cane
524 1350 687 1406 alitus
720 1351 1066 1427 proderetur.
1098 1351 1182 1407 Ab
1211 1351 1318 1406 hoc
1348 1363 1400 1406 et
1428 1352 1733 1406 ministeria
1756 1373 1866 1407 ser-

127 1450 256 1506 vilia
286 1451 494 1528 populo
527 1451 847 1520 interdicta,
880 1464 933 1506 et
962 1449 1115 1527 plebs
1149 1452 1204 1505 in
1237 1465 1446 1527 septem
1477 1452 1641 1507 urbes
1671 1451 1861 1507 divisa.

128 1554 357 1608 Mortuo
393 1552 606 1607 Habide
638 1573 870 1629 regnum
907 1573 1006 1628 per
1039 1551 1213 1607 multa
1252 1552 1448 1608 saecula
1481 1574 1511 1607 a
1542 1555 1865 1608 successori-

127 1653 230 1708 bus
271 1653 386 1727 ejus
425 1664 702 1707 retentum
740 1665 838 1707 est.
878 1655 942 1706 In
983 1651 1088 1707 alia
1125 1666 1281 1727 parte
1313 1653 1617 1729 Hispaniae,
1656 1665 1710 1708 et
1746 1674 1866 1728 quae

130 1775 197 1808 ex
239 1753 430 1809 insulis
478 1765 726 1824 constat,
771 1774 1001 1829 regnum
1050 1774 1215 1829 penes
1263 1756 1580 1829 Geryonem
1628 1754 1748 1810 fuit.
1800 1758 1865 1809 In

131 1856 231 1908 hac
277 1866 430 1908 tanta
462 1853 650 1930 pabuli
691 1852 880 1909 laetitia
911 1866 1022 1925 est,
1062 1866 1148 1925 ut,
1182 1854 1285 1908 nisi
1327 1854 1659 1909 abstinentia
1700 1856 1868 1910 inter-

127 1952 330 2030 pellata
368 1955 559 2031 sagina
598 1954 795 2026 fuerit,
834 1975 1034 2030 pecora
1070 1966 1419 2030 rumpantur.
1455 1953 1592 2009 Inde
1634 1955 1868 2032 denique

130 2067 381 2110 armenta
407 2055 707 2130 Geryonis,
739 2076 859 2130 quae
888 2052 993 2109 illis
1024 2055 1364 2131 temporibus
1395 2054 1519 2110 solae
1549 2076 1676 2131 opes
1706 2056 1869 2112 habe-

132 2155 364 2228 bantur,
399 2168 562 2211 tantae
595 2155 752 2211 famae
784 2155 963 2227 fuere,
1001 2169 1063 2210 ut
1093 2155 1384 2210 Herculem
1420 2176 1485 2210 ex
1517 2158 1642 2212 Asia
1674 2157 1867 2232 praedae

133 2257 512 2333 magnitudine
543 2257 829 2312 illexerint.
863 2260 1036 2312 Porro
1069 2260 1380 2332 Geryonem
1414 2257 1593 2333 ipsum
1625 2278 1736 2312 non
1768 2259 1867 2312 tri-

134 2355 290 2432 plicis
334 2369 577 2426 naturae,
620 2370 682 2411 ut
727 2355 926 2411 fabulis
968 2356 1253 2432 proditur,
1300 2356 1463 2410 fuisse
1508 2356 1728 2427 ferunt,
1775 2357 1864 2412 sed

135 2469 242 2511 tres
287 2456 480 2511 fratres
525 2469 689 2511 tantae
732 2456 1038 2511 concordiae
1084 2458 1380 2526 exstitisse,
1425 2468 1485 2510 ut
1525 2477 1637 2511 uno
1680 2459 1865 2513 animo

136 2578 324 2611 omnes
359 2558 474 2632 regi
512 2557 830 2610 viderentur
871 2577 882 2609 ε
923 2577 1023 2611 nec
1055 2556 1259 2611 bellum
1290 2555 1513 2611 Herculi
1545 2578 1640 2611 sua
1674 2571 1868 2633 sponte

137 2656 412 2728 intulisse,
448 2657 541 2711 sed
574 2677 746 2731 quum
777 2669 1024 2711 armenta
1058 2677 1153 2712 sua
1185 2658 1301 2731 rapi
1339 2656 1633 2727 vidissent,
1669 2659 1864 2713 amissa

138 2756 281 2812 bello
306 2759 581 2833 repetisse.

216 2860 284 2912 V.
339 2860 471 2912 Post
523 2878 693 2934 regna
746 2857 943 2912 deinde
996 2860 1305 2933 Hispaniae,
1357 2859 1519 2933 primi
1575 2860 1865 2935 Carthagi-

142 2957 352 3011 nienses
407 2958 700 3033 imperium
756 2958 1049 3035 provinciae
1099 2979 1453 3033 occupavere.
1505 2959 1646 3011 Nam
1695 2980 1866 3032 quum

141 3055 399 3110 Gaditani
436 3077 466 3110 a
499 3060 644 3132 Tyro
665 3100 678 3127 ,
715 3057 859 3111 unde
896 3070 948 3110 et
981 3058 1528 3133 Carthaginiensibus
1564 3058 1719 3132 origo
1753 3071 1864 3126 est,

143 3176 296 3210 sacra
328 3154 607 3225 Herculis,
643 3177 740 3232 per
773 3158 1011 3231 quietem
1045 3157 1207 3231 jussi,
1246 3158 1300 3210 in
1333 3157 1654 3233 Hispaniam
1692 3169 1866 3212 trans-

143 3255 417 3322 tulissent,
444 3255 744 3330 urbemque
771 3257 846 3309 ibi
871 3256 1264 3327 condidissent,
1294 3256 1666 3311 invidentibus
1695 3257 1865 3311 incre-

144 3357 336 3410 mentis
367 3375 520 3409 novae
557 3355 702 3408 urbis
735 3354 979 3411 finitimis
1015 3358 1284 3431 Hispaniae
1320 3355 1567 3432 populiS,
1604 3378 1666 3410 ac
1702 3378 1865 3432 prop—
