2315 3868
459 388 545 434 188
807 390 812 394 ’
867 387 1356 432 ADNOTATIONES
1391 387 1457 429 IN
1498 386 1735 430 JUSTINI

515 486 645 525 Duas
668 491 878 524 armatas
910 482 1128 541 virgines.
1164 481 1307 539 Apud
1341 483 1523 524 Graecos
1557 488 1628 536 τὰς
1658 489 1811 536 Λευκὰς
1839 488 1969 545 Kapan<
2000 482 2153 527 dictas,

452 559 567 601 Vide
590 559 779 612 CICER.,
809 559 867 601 de
902 559 1216 611 Divinatione,
1248 575 1291 611 1,
1319 558 1398 614 37,
1431 559 1591 617 ibique
1615 567 2013 604 commentatores,

513 636 645 676 Alter
666 650 726 677 ex
749 634 951 678 ducibus.
977 635 1064 678 Hic
1096 643 1192 678 erat
1217 634 1487 677 Acichorius
1511 635 1585 678 vel
1603 634 1841 678 Cichorius
1857 668 1868 688 ,
1887 634 2012 692 quod
2035 634 2159 678 idem

453 725 624 753 nomen
656 726 751 754 esse
783 710 988 754 ostendit
1009 710 1241 763 Valesius,
1271 709 1317 752 in
1350 710 1473 753 notis
1506 711 1565 754 ad
1590 713 1880 755 Maussacum
1904 711 1952 753 in
1978 712 2159 768 Harpo-

446 787 722 840 cradcmem,
751 802 793 845 p.
832 786 938 830 216.

513 865 687 906 Decem
711 863 923 905 millibus.
945 862 1121 919 Viginti
1150 861 1292 905 millia
1325 863 1467 906 habet
1500 863 1764 918 Diodorus,
1795 878 1924 918 xx11,
1951 863 2065 921 frag.
2087 862 2160 906 13.

515 941 674 983 Nemo
702 955 761 981 ιη’
794 948 923 981 tanto
957 938 1208 982 exercitu...
1234 947 1505 997 superesset.
1533 940 1733 996 Magnus
1765 939 1840 982 hic
1871 948 1938 982 est
1969 938 2161 981 histori-

450 1032 611 1061 corum
649 1015 856 1058 omnium
894 1029 1047 1057 secum
1074 1014 1304 1056 dissensus
1335 1030 1344 1056 :
1380 1030 1487 1057 nam
1520 1015 1682 1058 eadem
1713 1031 1814 1057 cum
1844 1016 2024 1058 Justino
2049 1030 2161 1058 nar-

450 1101 559 1138 rant
587 1091 828 1136 Diodorus
858 1099 901 1133 et
932 1090 1201 1144 Pausanias,
1234 1098 1282 1132 ut
1311 1089 1389 1132 vix
1424 1090 1670 1134 dubitandi
1704 1105 1800 1133 esse
1832 1091 1960 1133 locus
2002 1091 2162 1134 videa-

450 1178 550 1224 tur3
576 1168 657 1211 sed
684 1168 803 1210 infra
820 1200 831 1221 ,
860 1167 984 1210 libro
1020 1180 1190 1220 xxxn,
1225 1181 1260 1208 c.
1296 1166 1344 1219 3,
1369 1167 1572 1210 ,Iustinus
1602 1167 1761 1210 scribit
1787 1167 2082 1226 reliquiarum
2106 1167 2163 1210 de

446 1244 620 1288 Brenni
649 1243 851 1287 exercitu
879 1251 1053 1301 partem
1091 1241 1258 1300 fugisse
1293 1241 1340 1283 in
1366 1242 1551 1298 Asiam,
1586 1252 1764 1301 partem
1794 1243 1843 1285 in
1871 1242 2117 1286 Thraciam
2151 1258 2162 1285 τ

450 1336 601 1379 neque
629 1320 832 1363 Justinus
855 1320 1001 1371 solus,
1026 1318 1107 1361 sed
1137 1318 1270 1360 multi
1299 1333 1402 1360 cum
1435 1334 1490 1361 eo
1516 1318 1607 1362 alii.
1633 1321 1701 1363 Ne
1733 1319 2050 1363 contradicere
2074 1318 2166 1362 sibi

447 1397 562 1455 ipsis
596 1405 665 1439 tot
707 1395 909 1439 celebres
949 1392 1162 1436 historici
1195 1393 1345 1436 videri
1375 1394 1603 1449 debeant,
1649 1395 1735 1437 alia
1770 1395 1843 1437 via
1882 1410 1980 1437 non
2025 1402 2165 1438 restat

450 1488 586 1532 quam
618 1481 667 1515 ut
696 1488 772 1515 eos
808 1472 1008 1514 voluisse
1041 1470 1268 1522 dicamus,
1301 1486 1391 1512 non
1437 1473 1687 1513 universum
1725 1472 1996 1525 Gallorum,
2031 1471 2109 1529 qui
2140 1486 2164 1513 e

449 1549 598 1606 patria
642 1547 840 1605 profecti
882 1546 1082 1598 fuerant,
1112 1544 1392 1597 exercitum,
1437 1546 1518 1588 sed
1549 1555 1729 1603 partem
1775 1555 1951 1589 tantum
1984 1546 2079 1603 ejus
2116 1547 2165 1588 in

449 1623 672 1666 Graeciam
703 1638 800 1666 sese
837 1621 1109 1675 immisisse3
1144 1628 1319 1662 ceteros
1353 1630 1505 1663 autem
1544 1622 1730 1664 interim
1758 1622 2082 1665 Macedoniam
2122 1631 2166 1665 et

443 1699 685 1742 Thraciam
711 1714 806 1742 esse
853 1704 1142 1756 pervagatos.
1172 1696 1383 1739 Pluribus
1416 1697 1472 1740 de
1516 1713 1568 1741 ea
1613 1714 1661 1740 re
1700 1707 1942 1756 exponunt
1972 1699 2165 1741 VVerns-

460 1776 610 1829 dorf.,
643 1775 690 1818 in
730 1774 1054 1818 dissertatione
1090 1787 1207 1829 saepe
1236 1770 1393 1826 citata,
1427 1788 1470 1830 p.
1513 1773 1568 1815 18
1603 1789 1729 1831 sqq„
1762 1774 2067 1832 Spanhemius
2106 1774 2166 1818 ad

452 1852 742 1904 Callimach.,
795 1853 961 1909 Hymn.
1020 1850 1067 1891 itz
1092 1849 1289 1899 Delum,
1336 1864 1379 1892 v.
1436 1848 1544 1904 145,
1585 1859 1628 1892 et
1660 1850 1862 1909 interpp.
1902 1851 2165 1906 Pausaniae,

451 1929 509 1970 ad
541 1944 568 1970 x
588 1962 599 1982 ,
636 1943 670 1970 c.
701 1926 775 1969 23.

1019 2015 1093 2057 IN
1129 2015 1404 2057 LIBRUM
1438 2015 1600 2057 XXV.

516 2151 658 2194 Multa
695 2152 784 2193 hoc
823 2166 1006 2208 quoque
1050 2151 1097 2193 in
1131 2152 1256 2197 libro
1282 2151 1486 2194 Justinus
1520 2150 1700 2204 omisit,
1728 2159 1776 2192 ut
1811 2150 1986 2193 bellum
2025 2150 2163 2193 Anti-

443 2226 555 2283 goni
585 2226 856 2270 Macedonis
885 2243 989 2269 cum
1018 2228 1332 2285 Apollodoro,
1361 2227 1681 2270 crudelissimo
1717 2227 2009 2270 Cassandreae
2037 2227 2164 2270 urbis

447 2311 668 2359 tyranno,
702 2304 943 2346 Gallorum
984 2304 1156 2347 bellum
1194 2313 1355 2348 contra
1393 2303 1670 2346 Antiochum
1718 2304 1954 2356 Soterem,
1989 2304 2164 2346 Seleuci

448 2376 607 2422 filium.
637 2381 868 2422 Permulta
907 2395 1008 2422 cum
1044 2380 1098 2423 iis
1127 2389 1410 2439 congruunt,
1446 2396 1542 2437 quae
1585 2396 1639 2423 ex
1672 2381 1934 2424 BIemnom's
1962 2380 2163 2424 historiis

444 2461 532 2516 περὶ
562 2454 784 2518 Epulas-Cosa
819 2456 1019 2499 servavit
1049 2457 1242 2500 Photius
1274 2457 1322 2499 in
1358 2456 1649 2499 Bibliotheca
1683 2473 1692 2498 :
1736 2472 1828 2515 quo
1864 2457 2056 2500 fortasse
2078 2472 2163 2500 au-

443 2540 570 2574 ctore
603 2548 705 2575 usus
739 2541 805 2575 est
840 2533 1085 2590 Pompeius
1117 2534 1312 2591 Trogus,

510 2607 611 2650 CAP.
642 2609 700 2651 II.
742 2609 1037 2667 Quamquam
1073 2609 1324 2652 Gallorum.
1347 2609 1641 2652 Accuratiora
1673 2609 1730 2652 de
1755 2609 1826 2651 his
1853 2625 1908 2652 ex
1933 2609 2034 2652 aliis
2059 2610 2160 2652 col-

450 2684 563 2727 lecta
586 2684 729 2727 habes
747 2684 869 2743 apud
886 2684 1261 2728 W'erlisdorfium
1286 2686 1331 2728 in
1364 2685 1470 2728 diss.
1490 2721 1500 2740 ‚
1530 2702 1573 2744 p.
1612 2684 1669 2729 23
1702 2702 1826 2744 sqq.;
1861 2700 1919 2744 29
1938 2701 2089 2743 ,sqq.;
2119 2694 2163 2728 et

450 2758 532 2802 131
572 2776 672 2818 sqq.

518 2837 689 2901 Tantus
734 2848 873 2882 terror
892 2840 1061 2898 gallici
1091 2840 1303 2882 nominis.
1349 2859 1366 2877 «
1400 2840 1641 2882 Gallorum
1675 2838 1860 2896 quidem
1898 2836 2034 2879 etiam
2055 2853 2159 2879 cor-

443 2927 555 2969 pora
592 2914 1000 2958 intolerantissima
1046 2916 1220 2959 laboris
1268 2925 1404 2973 atque
1441 2925 1571 2959 aestus
1606 2916 1754 2968 fuere,
1794 2913 2035 2971 primaque
2072 2929 2158 2956 eo-

442 3005 544 3031 rum
574 2992 736 3047 proclia
771 2993 873 3049 plus
904 3008 1040 3050 quam
1074 2992 1309 3047 virorum,
1341 3007 1426 3050 pos
1475 3008 1570 3035 ema
1612 2991 1762 3033 minus
1791 3006 1926 3047 quam
1961 2989 2157 3032 femina—

444 3081 544 3107 rum
581 3082 676 3110 esse
709 3068 867 3111 Livius
905 3078 947 3111 et
987 3070 1151 3111 Florus
1184 3069 1404 3111 scribunt.
1439 3067 1579 3125 Apud
1611 3069 1849 3109 Romanos
1884 3066 2000 3108 nulli
2033 3066 2159 3108 bello

445 3142 612 3198 gallico
659 3143 924 3187 immunitas
969 3144 1059 3203 (ab
1089 3145 1308 3187 oneribus
1337 3141 1562 3202 publicis)¹
1599 3150 1723 3194 erat,
1757 3150 1804 3183 ut
1845 3141 1908 3183 ait
1948 3141 2039 3186 Cic.
2071 3158 2159 3200 pro

448 3217 515 3259 ΝΙ.
545 3220 760 3271 Fonteio,
797 3229 839 3261 et
868 3230 1055 3263 auctore.
1081 3221 1292 3278 Appiano
1317 3221 1364 3261 in
1394 3219 1514 3261 libro
1545 3233 1583 3259 11
1604 3251 1614 3270 ,
1635 3217 1679 3258 in
1700 3217 1989 3259 sacerdotum
2015 3226 2058 3260 et
2082 3232 2157 3260 se-

446 3292 628 3336 niorum
667 3297 792 3352 lege,
831 3312 927 3353 quae
968 3297 1024 3339 de
1057 3297 1344 3339 immunitate
1374 3297 1460 3337 lata
1500 3302 1589 3347 cst,
1630 3303 1870 3352 exceptum
1903 3293 2014 3347 fuit,
2058 3308 2155 3336 Nisi

447 3383 686 3411 nummum
723 3388 906 3414 BELLUM
947 3388 1212 3414 ixs'ramz‘r:
1248 3387 1302 3413 eo
1338 3370 1458 3413 enim
1492 3370 1689 3412 instante
1725 3371 1862 3412 ctiam
1897 3369 2155 3412 sacerdotes
