2248 3697
596 213 1041 255 HISTORIARLM
1083 214 1198 256 LIB.
1234 216 1409 258 XXIV.
1799 221 1846 263 1‘3

137 329 318 369 utrum
358 318 761 370 munimentum
793 314 920 383 loci,
953 336 1021 368 an
1057 316 1306 389 majestas
1345 320 1428 373 dei
1473 320 1594 394 plus
1632 320 1719 374 hic
1760 321 1853 375 ad-

134 417 436 469 mirationis
465 415 674 468 habeat.
713 415 897 468 Media
935 417 1046 468 saxi
1085 435 1245 489 rupes
1287 417 1341 470 in
1376 418 1606 474 formam
1647 420 1849 474 theatri

134 517 365 570 recessit.
387 515 765 584 Quamobrem
797 527 848 568 et
877 515 1165 568 hominum
1201 515 1432 585 clamor,
1468 530 1520 571 et
1551 520 1591 571 si
1631 518 1850 593 quando

131 617 331 672 accedit
364 617 621 669 tubarum
657 637 845 682 sonus,
875 616 1295 691 personantibus
1321 627 1371 669 et
1399 618 1851 690 respondentibus

130 720 182 771 in
214 737 269 770 se
297 717 551 792 rupibus,
574 715 860 793 multiplex
896 715 1105 784 audiri,
1134 716 1502 791 ampliorque,
1542 737 1703 790 quam
1744 719 1853 772 edi-

128 830 248 886 tur,
294 838 548 871 resonare
581 816 731 871 solet.
770 818 908 887 Quae
937 837 1023 870 res
1050 817 1315 891 majorem
1338 817 1636 891 majestatis
1678 829 1851 872 terro-

126 938 235 971 rem
269 918 473 993 ignaris
512 918 617 987 rei,
654 929 706 971 et
739 916 1101 971 admiratione
1135 915 1482 990 stupentibus
1524 914 1849 990 plerumque

124 1017 298 1070 affert.
341 1020 406 1070 In
444 1017 548 1072 hoc
582 1018 733 1093 rupis
766 1016 1046 1083 anfractu,
1077 1015 1254 1069 media
1286 1013 1452 1068 ferme
1489 1016 1689 1069 montis
1723 1014 1849 1070 alti-

125 1115 346 1179 tudine,
396 1117 649 1191 planities
701 1117 893 1190 exigua
937 1128 1047 1181 est,
1099 1126 1262 1188 atque
1311 1115 1365 1167 in
1403 1134 1464 1167 ea
1513 1113 1850 1188 profundum

125 1228 277 1267 terrae
308 1215 577 1283 foramen,
614 1214 762 1288 quod
795 1215 849 1267 in
886 1212 1106 1267 oracula
1140 1225 1291 1288 patet
1326 1234 1336 1266 :
1377 1233 1437 1266 ex
1481 1234 1591 1288 quo
1622 1213 1850 1289 frigidus

122 1314 372 1389 spiritUS,
406 1315 459 1367 vi
497 1313 761 1388 quadam,
805 1312 955 1367 velut
986 1326 1176 1381 ventO,
1210 1313 1266 1366 in
1301 1312 1532 1368 sublime
1569 1312 1850 1389 expulSUS,

121 1426 329 1468 mentes
376 1426 565 1468 vatum
616 1415 670 1466 in
720 1413 1033 1468 vecordiam
1081 1414 1270 1478 vertit3
1317 1413 1678 1488 impletasque
1722 1415 1851 1484 deo,

121 1534 381 1588 responsa
415 1513 828 1568 consulentibus
863 1514 991 1567 dare
1030 1513 1191 1588 cogit.
1230 1512 1411 1566 Multa
1460 1514 1628 1589 igitur
1675 1515 1749 1567 ibi
1798 1526 1851 1568 et

122 1613 382 1687 OPUlel'lta
418 1634 609 1688 regum
643 1612 1086 1687 POPUlOPUIUqUG
1119 1613 1375 1664 visuntur
1410 1633 1670 1666 munera:
1705 1633 1850 1685 qUae-

1722 1710 1845 1764 lun-

120 1734 224 1788 que
258 1713 663 1789 magnificentia
702 1713 812 1780 sui,
856 1711 1204 1765 reddentium
1239 1722 1366 1764 vota
1404 1724 1613 1788 gratam
1648 1732 1715 1764 vo

120 1827 317 1880 tatem,
346 1826 399 1867 et
429 1812 659 1866 deorum
689 1831 951 1887 responsa
979 1810 1347 1867 manifestant.

198 1916 321 1968 VII.
349 1915 525 1989 Igitur
547 1916 798 1969 Brennus
830 1933 1004 1989 quum
1040 1914 1095 1966 in
1128 1924 1425 1987 conspectu
1461 1912 1688 1968 haberet
1716 1925 1846 1967 tem-

121 2012 303 2089 plum,
335 2013 429 2067 diu
468 2012 816 2084 deliberavit,
855 2013 1138 2067 confestim
1176 2033 1291 2066 rem
1324 2012 1742 2089 aggrederetur,
1780 2035 1847 2068 an

120 2135 248 2168 vero
280 2113 428 2170 fessis
464 2117 547 2170 via
579 2115 880 2183 militibus,
914 2113 1087 2166 noctis
1129 2112 1367 2186 spatium
1392 2111 1461 2165 ad
1495 2113 1851 2167 resumendas

121 2214 257 2268 vires
290 2214 458 2269 daret.
506 2219 750 2270 Emanus
799 2227 853 2269 et
899 2210 1255 2267 Thessalorus
1304 2211 1496 2281 duceS,
1543 2213 1636 2286 qui
1677 2233 1731 2266 se
1782 2213 1846 2266 ad

120 2313 313 2388 praedae
353 2315 665 2368 societatem
700 2315 1023 2389 junxerant,
1059 2311 1374 2388 «amputari
1417 2332 1598 2365 moras
1623 2311 1846 2385 jubent,

120 2413 250 2467 dum
285 2415 540 2489 imparati
576 2415 863 2483 hostes,et
892 2433 1078 2467 recens
1111 2411 1378 2465 adventus
1412 2411 1519 2482 sui,
1550 2413 1748 2466 terrori
1772 2433 1850 2467 es—

120 2526 229 2568 set:
256 2515 536 2589 interjecta
570 2526 729 2568 nocte
754 2526 806 2567 et
838 2514 1048 2567 animos
1075 2512 1349 2579 hostibus,
1370 2511 1595 2565 forsitan
1621 2525 1673 2565 et
1696 2513 1847 2566 auxi-

119 2612 188 2667 lia
213 2634 516 2675 accessura;
566 2627 618 2668 et
661 2615 800 2682 vias,
844 2634 961 2687 quae
1006 2632 1155 2666 nunc
1196 2623 1454 2685 pateant,
1500 2612 1844 2666 obstructum

119 2714 247 2766 iri.»
285 2713 391 2768 Sed
413 2713 705 2770 Gallorum
736 2713 932 2787 vulgus
958 2735 1023 2768 ex
1046 2710 1212 2786 longa
1246 2711 1455 2786 inopia,
1487 2712 1580 2764 ubi
1604 2713 1842 2786 primum

117 2814 245 2867 vino
283 2815 586 2888 ceterisque
622 2813 1015 2867 commeatibus
1048 2813 1248 2866 referta
1286 2832 1415 2864 rura
1457 2812 1690 2881 inxenit,
1732 2832 1842 2865 non

115 2913 295 2966 minus
330 2912 695 2983 abundantia,
739 2933 903 2987 quam
936 2913 1168 2966 victoria
1204 2911 1420 2978 laetum,
1459 2932 1558 2986 per
1595 2931 1754 2985 agros
1790 2931 1843 2964 se

117 3025 386 3086 sparserat
419 3035 429 3066 τ
468 3013 806 3086 desertisque
840 3012 1034 3087 signis,
1066 3009 1135 3064 ad
1163 3009 1485 3086 occupanda
1522 3010 1705 3063 omnia
1742 3030 1844 3084 pro

118 3112 414 3165 victoribus
445 3113 803 3188 vagabantur.
845 3112 984 3181 Quae
1018 3130 1102 3163 res
1136 3108 1456 3163 dilationem
1486 3107 1717 3182 Delphis
1757 3109 1843 3163 de-

116 3209 207 3263 dit.
247 3212 428 3264 Prima
465 3232 697 3287 namque
742 3212 1005 3286 opinione
1040 3209 1308 3263 adventus
1351 3207 1639 3264 Gallorum
1665 3251 1678 3278 ,
1716 3230 1842 3283 pro·-
