2315 3868
407 357 421 384 1
435 347 492 398 74
883 346 1147 390 PROLOGI
1196 349 1632 395 HISTORIARUM

401 467 505 520 que
532 447 832 501 Antiochus
863 450 1108 524 Grypos,
1142 452 1286 505 victo
1315 453 1586 521 Zebinna,
1622 474 1849 529 regnum
1884 477 2118 533 occupa-

401 546 489 597 vit.
521 545 737 599 Dehinc
762 567 885 601 cum
914 547 1080 604 fratre
1107 571 1205 604 suo
1240 553 1510 607 Antiocho
1539 554 1804 628 Cyziceno
1831 554 2036 610 bellum
2065 557 2119 609 in

401 643 554 717 Syria
579 642 875 721 Ciliciaque
899 648 1078 723 gessit.
1105 652 1208 718 Ut,
1237 648 1574 706 Alexandriae
1599 665 1819 707 mortuo
1845 674 1970 730 rege
1997 657 2125 709 Pto-

400 740 584 796 lemaeo
608 743 915 820 Physcone,
943 746 1084 801 filius
1108 748 1222 821 ejus
1248 747 1571 805 Ptolemaeus
1596 752 1875 807 Lathurus
1903 764 2123 828 accepto

400 861 570 918 regno
599 844 856 919 expulsus
885 857 964 899 est
993 867 1024 899 a
1051 859 1224 901 matre
1252 849 1307 901 in
1339 850 1608 924 Cyprum,
1642 864 1696 905 et
1720 853 1775 905 in
1803 854 1959 928 Syria
1981 852 2124 908 bello

401 942 601 1016 petitus
647 943 714 997 ab
763 943 981 1014 eadem,
1023 945 1251 1000 suffecto
1295 948 1350 1000 in
1396 945 1577 1002 locum
1625 950 1740 1024 ejus
1782 949 2125 1022 Alexandro,

402 1038 601 1112 donec,
635 1043 809 1097 occisa
852 1064 947 1118 per
994 1042 1365 1100 Alexandrum
1406 1059 1609 1118 matre,
1656 1051 1862 1124 recepit
1909 1052 2127 1127 AEgypti

402 1160 646 1216 regnum.
691 1144 768 1198 Ut
807 1155 930 1217 post
968 1143 1281 1198 Lathurum
1324 1144 1468 1200 filius
1509 1145 1818 1202 Alexander
1857 1151 2127 1225 regnarit,

402 1241 735 1318 expulsoque
769 1264 855 1313 eo,
895 1242 1156 1299 suffectus
1194 1246 1261 1299 sit
1295 1243 1619 1301 Ptolemaeus
1653 1248 1884 1303 Nothus.
1923 1253 1999 1305 Ut
2036 1252 2131 1325 Sy-

402 1342 539 1396 riam
561 1345 589 1397 J
594 1342 730 1397 udaei
756 1356 807 1397 et
831 1344 1036 1399 Arabes
1062 1345 1411 1400 terrestribus
1436 1344 1740 1401 latrociniis
1766 1348 2096 1404 infestarunt
2117 1371 2127 1404 :

404 1444 540 1496 mari
576 1442 774 1498 Cilices
807 1444 1099 1518 piraticum
1134 1443 1339 1498 bellum
1375 1458 1702 1515 moverunt,
1737 1447 1886 1521 quod
1914 1450 1971 1502 in
2003 1448 2132 1504 Cili·

399 1543 485 1595 cia
519 1543 752 1596 Romani
786 1563 884 1618 per
917 1543 1222 1597 Antonium
1258 1557 1563 1618 gesserunt.
1600 1547 1676 1599 Ut
1716 1547 1771 1598 in
1814 1547 1969 1620 Syria
2010 1561 2132 1622 post

403 1654 635 1696 mortem
665 1642 806 1718 regis
836 1642 1160 1717 occuparint
1191 1643 1502 1718 imperium.

911 1821 1255 1857 PROLOGUS
1301 1822 1478 1856 LIBRI
1522 1823 1614 1856 XL.

485 1940 920 2015 Quadragesimo
952 1938 1228 1993 volumine
1259 1941 1615 1994 continentur
1642 1941 1757 1995 haec
1794 1963 1805 1994 :
1841 1945 1948 2012 Ut,
1987 1964 2134 1997 mor—

406 2053 502 2094 tuo
532 2042 721 2115 Grypo
753 2060 903 2115 rege,
933 2039 1234 2113 Cyzicenus
1260 2060 1385 2093 cum
1410 2037 1534 2093 filiis
1565 2040 1681 2114 ejus
1711 2040 1853 2095 bello
1875 2063 2136 2119 congres-

405 2160 517 2209 SUS,
544 2140 765 2193 interiit.
793 2139 863 2193 Hi
890 2138 1084 2192 deinde
1108 2159 1139 2192 a
1163 2136 1276 2192 filio
1303 2139 1559 2213 Cyziceni
1589 2139 1799 2194 Eusebe
1824 2141 2093 2197 interfecti
2119 2165 2130 2196 :

406 2241 780 2313 exstinctaque
801 2259 994 2314 regum
1019 2238 1421 2293 Antiochorum
1447 2237 1635 2308 doinO,
1663 2240 1925 2314 Tigranes
1946 2242 2135 2296 Arme-

407 2340 528 2392 nius
560 2340 769 2413 Syriam
799 2339 1104 2414 occupavit.
1139 2339 1242 2392 Cui
1274 2358 1398 2391 mox
1425 2338 1569 2392 victo
1596 2339 1832 2392 Romani
1862 2339 2134 2395 abstulere

411 2459 546 2492 eam.
586 2442 665 2493 Ut
705 2437 1044 2493 Alexandriae
1085 2450 1208 2513 post
1249 2438 1531 2491 interitum
1580 2436 1857 2493 Ptolemaei
1902 2440 2135 2494 Lathuri

408 2538 687 2592 substituti
713 2549 840 2592 sunt
865 2537 980 2612 eJ'us
1005 2536 1100 2590 filii
1130 2558 1143 2593 ;
1173 2536 1327 2591 alteri
1353 2537 1478 2590 data
1509 2539 1745 2612 Cypros,
1772 2539 1859 2592 cui
1883 2541 1941 2593 P.
1969 2538 2135 2595 Clau-

408 2638 482 2691 dii
522 2638 804 2713 rogatione
838 2638 1073 2691 Romani
1116 2635 1459 2690 abstulerunt
1498 2656 1648 2706 eam;
1693 2635 1830 2691 alter
1870 2636 2136 2691 seditione

409 2738 708 2812 exagitatus
751 2736 1080 2791 Alexandria
1122 2739 1355 2790 Romam
1400 2735 1646 2811 profugit
1687 2758 1697 2789 :
1742 2735 1993 2810 belloque
2035 2756 2134 2811 per

408 2836 709 2891 Gabinium
735 2848 886 2912 gesto
911 2837 1117 2911 recepit
1142 2835 1431 2910 imperium
1459 2856 1471 2888 :
1500 2855 1609 2909 quo
1634 2847 1853 2889 mortuo
1877 2837 2131 2888 successit

410 2934 584 3005 filius,
631 2936 723 3010 qui
764 2956 887 2989 cum
931 2955 1117 2989 sorore
1156 2933 1448 3009 Cleopatra
1496 2935 1790 2989 certamine
1826 2946 2039 3002 sumto,
2079 2947 2130 2988 et

410 3035 730 3110 Pompeium
770 3037 1040 3110 Magnum
1082 3033 1380 3102 interfecit,
1423 3045 1476 3087 et
1514 3032 1715 3087 bellum
1756 3053 1881 3086 cum
1922 3035 2132 3088 Caesare

411 3132 748 3188 Alexandriae
779 3135 958 3209 gessit.
990 3137 1067 3190 Ut
1099 3135 1356 3189 successit
1380 3134 1495 3208 ejus
1524 3152 1678 3186 soror
1706 3152 1875 3207 regno
1905 3131 2132 3207 Cleopa-

399 3242 524 3297 -tra,
572 3254 690 3307 quae
729 3232 937 3309 illigato
982 3235 1036 3287 in
1076 3255 1319 3288 amorem
1365 3253 1522 3286 suum
1569 3233 1647 3285 M.
1689 3233 1960 3296 Antonio,
2004 3228 2125 3284 belli

413 3332 614 3385 Actiaci
645 3333 748 3386 fine
780 3333 1037 3386 exstinxit
1067 3353 1297 3407 regnum
1330 3329 1800 3385 Ptolemaicorum.
