2315 3868
449 371 535 415 192
863 353 1362 397 ADNOTATIONES
1399 355 1465 397 IN
1503 352 1742 399 JUSTINI

443 452 534 494 nioe
579 465 730 509 regem
772 457 817 491 et
847 448 1105 506 Bithynum
1147 448 1283 503 dicit,
1323 465 1459 508 quem
1500 451 1713 509 Pergami
1746 452 1985 511 dynastam
2017 457 2163 502 debe-

442 535 510 568 ret
528 525 695 567 dicere.
719 543 737 562 »
754 523 887 566 Idem
910 525 1049 581 plane
1082 524 1210 583 quod
1227 527 1251 568 J
1258 525 1431 568 ustinus
1458 526 1625 570 vitium
1652 528 1883 571 commisit
1913 531 2163 577 Frontinus

442 601 488 642 in
519 599 644 642 libro
680 599 1096 659 Strategematum,
1130 616 1175 654 1,
1207 616 1244 643 c.
1289 616 1368 655 11,
1406 605 1429 656 S
1477 600 1558 656 15,
1597 603 1655 645 de
1687 604 1893 646 Eumene
1936 606 2163 662 referens,

441 691 540 734 quae
570 675 629 719 de
654 675 820 719 eodem
837 677 996 719 Attalo
1021 677 1263 719 Gallorum
1280 677 1457 720 victore
1491 679 1721 722 narranda
1748 688 1902 733 erant,
1924 692 2159 738 praeeunte

439 753 681 811 Polyaeno,
710 769 833 807 nze.
859 769 929 811 19.
954 754 1166 795 Alterum
1195 761 1347 796 autern
1377 753 1565 810 vitium,
1585 756 1714 813 quod
1744 755 2009 815 Bithyniam
2025 773 2160 802 com-

440 829 622 872 miscuit
664 845 766 873 eum
808 831 1061 887 Pergam0‚
1095 828 1206 871 inde
1244 828 1342 872 sine
1382 829 1530 872 dubio
1578 840 1731 874 ortum
1772 841 1859 886 est,
1897 833 2023 890 quod
2066 834 2161 877 haec

440 905 663 948 scribenti
688 906 874 948 Justino
899 905 1238 947 obversabatur
1266 904 1560 959 Nicomedis,
1588 907 1813 965 Bithyniae
1839 908 1985 967 regis,
2017 908 2160 963 filius,

441 982 500 1024 ab
532 997 586 1025 eo
618 982 666 1024 in
697 982 831 1040 regni
861 980 1167 1023 hereditatem
1198 980 1407 1035 relictus,
1438 981 1607 1032 Zielas,
1629 982 1708 1039 qui
1734 989 1876 1037 Ζηίλας
1902 986 2162 1042 appellatur

440 1073 464 1100 a
501 1060 781 1110 Memnone,
813 1065 939 1111 Ζήλας
967 1073 990 1099 a
1031 1057 1291 1116 Phylarcho
1324 1066 1366 1099 et
1398 1058 1642 1101 Strabone.
1680 1059 1729 1100 Is
1763 1058 1903 1116 igitur
1937 1069 2043 1117 post
2073 1064 2159 1104 At-

441 1134 522 1178 tali
548 1134 791 1178 victoriam
824 1150 849 1177 a
879 1133 1045 1189 Gallis,
1074 1149 1272 1192 quorum
1293 1134 1471 1177 auxilio
1488 1150 1594 1177 usus
1611 1134 1759 1177 fuerat
1788 1143 1916 1190 ante,
1948 1144 2015 1178 est
2038 1138 2160 1179 oeci->

439 1226 526 1253 suS.
558 1212 627 1253 De
658 1210 784 1253 bello
814 1210 1017 1267 denique
1050 1209 1172 1252 inter
1197 1210 1482 1252 Antiochum
1517 1218 1560 1252 et
1592 1211 1793 1253 Attalum
1824 1219 1955 1268 gesto
1987 1210 2155 1254 viden-

439 1286 524 1329 dus
549 1295 615 1330 est
632 1286 874 1340 Eusebius,
892 1301 1041 1344 nuper
1066 1302 1089 1328 a
1121 1285 1358 1330 Zohrabio
1377 1301 1433 1329 ex
1449 1287 1663 1329 versione
1695 1287 1955 1330 armeniaca
1989 1288 2152 1341 editus,

441 1378 482 1415 1,
509 1378 545 1405 c.
578 1367 660 1415 40,
700 1377 778 1416 10,
806 1361 889 1404 ubi
923 1362 1064 1404 habet
1097 1362 1355 1420 Porphyrii
1389 1362 1722 1405 narrationem.

506 1439 689 1481 Bellum
706 1447 936 1494 reparant.
958 1439 1011 1479 In
1025 1437 1378 1494 Mesopotamia,
1396 1446 1447 1479 ut
1465 1446 1658 1495 apparet
1675 1452 1730 1480 ex
1749 1439 1970 1496 Prologo.
1990 1441 2081 1482 Res
2100 1439 2154 1481 ab

439 1513 539 1556 aliis
572 1513 739 1556 omissa
774 1513 979 1570 tangitur
1010 1512 1059 1554 in
1080 1512 1475 1571 Strategemczticis
1500 1513 1726 1571 Polyaeni,
1759 1529 1838 1566 1v‚
1870 1513 1897 1556 6
1932 1530 1942 1556 ε
1972 1513 2158 1576 ,RQ-{0793

438 1596 625 1636 Σελεύκου
643 1600 709 1635 τοῦ
740 1591 912 1651 ἀδελφοῦ
939 1594 1120 1641 ἀποστὰς
1145 1596 1278 1650 ἔφυγεν
1308 1595 1357 1641 εἰς
1373 1596 1495 1650 μέσην
1521 1601 1597 1635 τῶν
1624 1599 1834 1651 ‘mevaniam'
1859 1596 1923 1635 ὅτε
1950 1596 2019 1637 καὶ
2039 1599 2155 1637 αὐτὸν

436 1671 489 1712 τὰ
523 1677 598 1711 τῶν
633 1664 833 1726 Ᾰρμενίων
879 1672 942 1725 ὄρη
985 1667 1236 1718 διεξελθόντα
1275 1672 1379 1725 φίλος
1416 1671 1465 1710 ὣν
1504 1663 1692 1725 Ᾱρσάβης
1737 1662 1918 1722 (dicere
1955 1665 2157 1708 debebat

437 1738 738 1798 An‘amenes)
773 1743 1021 1797 ὑπεδέξατο,
1041 1747 1258 1803 στρατηγοὶ
1284 1748 1470 1787 Σελεύκου
1495 1740 1641 1801 Ᾱχαιὸς
1673 1747 1741 1789 καὶ
1770 1740 2030 1804 Ᾱνὸρομοίχος
2047 1750 2151 1804 μετὰ

438 1828 582 1870 πολλῆς
605 1819 812 1876 δυνάμεως
837 1818 1021 1871 ἐδίωκον,
1055 1825 1138 1859 ΕῙΟ.

502 1914 827 1956 Ptolemaeum.
846 1914 995 1956 Immo
1023 1913 1180 1971 potius
1206 1914 1371 1957 ducem
1397 1913 1635 1972 copiarum
1662 1914 1985 1968 Ptolemaei‚in
2012 1915 2159 1958 Thm-

438 1989 507 2033 cia
537 1989 848 2032 militantium.

500 2068 545 2108 A
574 2066 837 2108 latronibus.
873 2065 933 2108 Hi
957 2066 1079 2108 Galli
1110 2075 1262 2121 erant,
1300 2075 1348 2109 ut
1384 2083 1439 2110 ex
1481 2067 1740 2126 Phylarcho
1775 2076 1935 2111 narrat
1968 2066 2155 2110 Plinius.

502 2153 687 2196 Amisso
713 2169 866 2211 regno.
898 2157 933 2196 A
956 2153 1137 2197 Parthis
1162 2154 1336 2197 seilicet
1358 2154 1408 2197 in
1433 2154 1748 2212 captivitatem
1765 2154 1992 2207 redactus,
2019 2169 2155 2212 quam

437 2244 518 2286 per
545 2244 715 2271 novem
743 2230 885 2272 ferme
915 2245 1061 2273 annos
1094 2239 1161 2273 est
1191 2246 1448 2289 perpessus.

957 2399 1031 2441 IN
1066 2399 1338 2441 LIBRUM
1377 2398 1630 2441 XXVIII.

500 2531 552 2573 In
590 2531 679 2574 hoc
708 2547 894 2590 quoque
919 2532 1045 2576 libro
1070 2532 1391 2590 Phylarclzum
1417 2533 1578 2576 ducem
1611 2540 1786 2575 secutus
1811 2540 1878 2574 est
1911 2530 2153 2589 Pompeius

434 2606 630 2662 Trogus.

500 2692 603 2735 CAP.
637 2694 671 2736 I.
703 2694 882 2739 AEtolis.
915 2696 1036 2739 Redi
1067 2697 1126 2739 ad
1159 2713 1302 2752 xxvl,
1337 2698 1374 2744 3.

500 2782 722 2825 Antiochi
749 2783 867 2842 regck
900 2775 1046 2841 Syrioe
1072 2800 1289 2830 sororem.
1311 2786 1348 2828 I.
1374 2801 1411 2828 e.
1432 2784 1649 2828 Antiochi
1681 2783 1768 2827 Dei
1786 2799 1991 2827 sororem
2016 2783 2149 2826 Stra-

433 2855 637 2900 tonicen.
665 2859 757 2902 Sed
788 2859 837 2902 in
868 2860 953 2902 hac
979 2876 1028 2903 re
1062 2869 1184 2903 errat
1215 2861 1446 2914 Justinus,
1479 2861 1607 2918 quod
1627 2858 1915 2903 Demetrium
1946 2859 2149 2916 appellat

433 2945 584 2988 regem
608 2934 929 2988 suacedom'oe,
955 2945 1005 2977 ut
1029 2937 1109 2994 qui
1127 2936 1209 2979 illo
1228 2946 1437 2995 tempore
1469 2936 1519 2979 id
1543 2951 1737 2994 regnum
1764 2934 1974 2977 nondum
1992 2949 2150 2992 capes-

432 3016 603 3051 siverit.

507 3096 600 3151 Qui
624 3098 716 3139 soli
741 3100 976 3156 quondam
1008 3101 1226 3144 adven-us
1279 3100 1516 3156 Trojanos.
1543 3098 1765 3143 Eamdem
1800 3113 1898 3140 reni
1927 3095 2151 3155 Ephorus

434 3180 588 3213 narrat
615 3172 738 3231 apud
767 3175 1073 3230 Strabonem,
1105 3193 1157 3232 x,
1189 3193 1234 3235 p.
1261 3176 1368 3220 318.
1402 3176 1600 3220 Solitum
1629 3183 1783 3217 autem
1815 3182 1912 3217 erat
1939 3173 2010 3215 his
2028 3180 2147 3214 tem—

435 3245 645 3301 poribus,
677 3257 724 3291 ut
761 3249 860 3292 odii
892 3259 937 3294 et
967 3252 1318 3296 inimicitiarum
1357 3259 1628 3310 praetextum
1672 3259 1885 3309 peterent
1928 3265 1985 3292 ex
2029 3247 2151 3291 anti—

436 3320 754 3375 quissimarum
787 3341 940 3368 rerum
973 3330 1196 3372 memoria
1231 3329 1453 3371 fabulosa.
