<?xml version="1.0" encoding="UTF-8"?>
<!DOCTYPE html PUBLIC "-//W3C//DTD XHTML 1.0 Transitional//EN"
    "http://www.w3.org/TR/xhtml1/DTD/xhtml1-transitional.dtd">
<html xmlns="http://www.w3.org/1999/xhtml" xml:lang="en" lang="en">
 <head>
  <title>
</title>
<meta http-equiv="Content-Type" content="text/html;charset=utf-8" />
  <meta name='ocr-system' content='tesseract 3.04.00' />
  <meta name='ocr-capabilities' content='ocr_page ocr_carea ocr_par ocr_line ocrx_word'/>
</head>
<body>
  <div class='ocr_page' id='page_1' title='image "./historiarumphili00justuoft_0117.png"; bbox 0 0 2315 3868; ppageno 0'>
   <div class='ocr_carea' id='block_1_1' title="bbox 677 317 1907 359">
    <p class='ocr_par' dir='ltr' id='par_1_1' title="bbox 677 317 1907 359">
     <span class='ocr_line' id='line_1_1' title="bbox 677 317 1907 359; baseline -0.003 0"><span class='ocrx_word' id='word_1_1' title='bbox 677 317 1116 359; x_wconf 74' lang='lat' dir='ltr'><strong>HISTORIARUM</strong></span> <span class='ocrx_word' id='word_1_2' title='bbox 1156 319 1267 359; x_wconf 78' lang='lat' dir='ltr'><strong>Llss.</strong></span> <span class='ocrx_word' id='word_1_3' title='bbox 1309 317 1430 358; x_wconf 76' lang='lat' dir='ltr'><strong>XLI.</strong></span> <span class='ocrx_word' id='word_1_4' title='bbox 1828 329 1907 355; x_wconf 86' lang='lat'>101</span> 
     </span>
    </p>
   </div>
   <div class='ocr_carea' id='block_1_2' title="bbox 179 419 1920 3284">
    <p class='ocr_par' dir='ltr' id='par_1_2' title="bbox 179 419 1920 2983">
     <span class='ocr_line' id='line_1_2' title="bbox 192 419 1916 493; baseline -0.002 -19"><span class='ocrx_word' id='word_1_5' title='bbox 192 419 256 475; x_wconf 92' lang='lat' dir='ltr'>lis</span> <span class='ocrx_word' id='word_1_6' title='bbox 301 425 600 476; x_wconf 79' lang='lat' dir='ltr'>Eumenem</span> <span class='ocrx_word' id='word_1_7' title='bbox 644 421 814 475; x_wconf 89' lang='lat' dir='ltr'>secuti</span> <span class='ocrx_word' id='word_1_8' title='bbox 861 433 987 473; x_wconf 91' lang='lat' dir='ltr'>sunt</span> <span class='ocrx_word' id='word_1_9' title='bbox 1030 441 1039 472; x_wconf 90' lang='lat'><strong>:</strong></span> <span class='ocrx_word' id='word_1_10' title='bbox 1081 440 1191 492; x_wconf 88' lang='lat' dir='ltr'>quo</span> <span class='ocrx_word' id='word_1_11' title='bbox 1238 422 1415 489; x_wconf 83' lang='lat' dir='ltr'>victo,</span> <span class='ocrx_word' id='word_1_12' title='bbox 1458 420 1525 473; x_wconf 87' lang='lat' dir='ltr'>ad</span> <span class='ocrx_word' id='word_1_13' title='bbox 1573 420 1916 493; x_wconf 80' lang='lat' dir='ltr'>Antigonum</span> 
     </span>
     <span class='ocr_line' id='line_1_3' title="bbox 192 517 1915 586; baseline -0.002 -13"><span class='ocrx_word' id='word_1_14' title='bbox 192 522 462 575; x_wconf 79' lang='lat' dir='ltr'>transiere.</span> <span class='ocrx_word' id='word_1_15' title='bbox 514 525 642 575; x_wconf 84' lang='lat' dir='ltr'>Post</span> <span class='ocrx_word' id='word_1_16' title='bbox 690 522 838 574; x_wconf 91' lang='lat' dir='ltr'>hunc</span> <span class='ocrx_word' id='word_1_17' title='bbox 886 541 914 573; x_wconf 87' lang='lat' dir='ltr'>a</span> <span class='ocrx_word' id='word_1_18' title='bbox 962 521 1224 575; x_wconf 81' lang='lat' dir='ltr'>Nicatore</span> <span class='ocrx_word' id='word_1_19' title='bbox 1270 517 1529 586; x_wconf 78' lang='lat' dir='ltr'>Seleuco,</span> <span class='ocrx_word' id='word_1_20' title='bbox 1572 540 1634 572; x_wconf 84' lang='lat' dir='ltr'>ac</span> <span class='ocrx_word' id='word_1_21' title='bbox 1682 538 1807 572; x_wconf 74' lang='lat' dir='ltr'>mox</span> <span class='ocrx_word' id='word_1_22' title='bbox 1848 517 1915 570; x_wconf 85' lang='lat' dir='ltr'>ab</span> 
     </span>
     <span class='ocr_line' id='line_1_4' title="bbox 192 618 1918 693; baseline -0.002 -20"><span class='ocrx_word' id='word_1_23' title='bbox 192 620 461 673; x_wconf 80' lang='lat' dir='ltr'>Antiocho</span> <span class='ocrx_word' id='word_1_24' title='bbox 491 632 544 672; x_wconf 89' lang='lat' dir='ltr'>et</span> <span class='ocrx_word' id='word_1_25' title='bbox 574 620 977 673; x_wconf 87' lang='lat' dir='ltr'>successoribus</span> <span class='ocrx_word' id='word_1_26' title='bbox 1011 619 1125 693; x_wconf 87' lang='lat' dir='ltr'>ejus</span> <span class='ocrx_word' id='word_1_27' title='bbox 1155 618 1387 692; x_wconf 81' lang='lat' dir='ltr'>possessi</span> <span class='ocrx_word' id='word_1_28' title='bbox 1424 637 1434 669; x_wconf 91' lang='lat'>:</span> <span class='ocrx_word' id='word_1_29' title='bbox 1471 638 1501 670; x_wconf 87' lang='lat' dir='ltr'>a</span> <span class='ocrx_word' id='word_1_30' title='bbox 1534 619 1687 691; x_wconf 84' lang='lat' dir='ltr'>cujus</span> <span class='ocrx_word' id='word_1_31' title='bbox 1722 638 1918 692; x_wconf 85' lang='lat' dir='ltr'>pronc-</span> 
     </span>
     <span class='ocr_line' id='line_1_5' title="bbox 194 716 1914 793; baseline -0.001 -21"><span class='ocrx_word' id='word_1_32' title='bbox 194 731 319 793; x_wconf 87' lang='lat' dir='ltr'>pote</span> <span class='ocrx_word' id='word_1_33' title='bbox 364 717 587 771; x_wconf 81' lang='lat' dir='ltr'>Seleuco</span> <span class='ocrx_word' id='word_1_34' title='bbox 633 721 873 793; x_wconf 86' lang='lat' dir='ltr'>primum</span> <span class='ocrx_word' id='word_1_35' title='bbox 924 718 1200 784; x_wconf 79' lang='lat' dir='ltr'>defecere,</span> <span class='ocrx_word' id='word_1_36' title='bbox 1253 718 1431 793; x_wconf 88' lang='lat' dir='ltr'>primo</span> <span class='ocrx_word' id='word_1_37' title='bbox 1481 718 1689 770; x_wconf 87' lang='lat' dir='ltr'>Punico</span> <span class='ocrx_word' id='word_1_38' title='bbox 1739 716 1914 786; x_wconf 79' lang='lat' dir='ltr'>hello,</span> 
     </span>
     <span class='ocr_line' id='line_1_6' title="bbox 188 815 1917 892; baseline 0 -21"><span class='ocrx_word' id='word_1_39' title='bbox 188 820 250 871; x_wconf 92' lang='lat' dir='ltr'>L.</span> <span class='ocrx_word' id='word_1_40' title='bbox 278 815 485 871; x_wconf 87' lang='lat' dir='ltr'>Manlio</span> <span class='ocrx_word' id='word_1_41' title='bbox 509 816 783 888; x_wconf 79' lang='lat' dir='ltr'>Vulsone,</span> <span class='ocrx_word' id='word_1_42' title='bbox 808 821 884 872; x_wconf 88' lang='lat' dir='ltr'>M.</span> <span class='ocrx_word' id='word_1_43' title='bbox 917 817 1107 873; x_wconf 86' lang='lat' dir='ltr'>Attilio</span> <span class='ocrx_word' id='word_1_44' title='bbox 1134 816 1347 892; x_wconf 80' lang='lat' dir='ltr'>Regulo</span> <span class='ocrx_word' id='word_1_45' title='bbox 1374 815 1707 870; x_wconf 79' lang='lat' dir='ltr'>consulibus.</span> <span class='ocrx_word' id='word_1_46' title='bbox 1737 818 1917 891; x_wconf 89' lang='lat' dir='ltr'>Hujus</span> 
     </span>
     <span class='ocr_line' id='line_1_7' title="bbox 189 915 1916 992; baseline 0.001 -24"><span class='ocrx_word' id='word_1_47' title='bbox 189 915 504 970; x_wconf 86' lang='lat' dir='ltr'>defectionis</span> <span class='ocrx_word' id='word_1_48' title='bbox 551 918 932 992; x_wconf 83' lang='lat' dir='ltr'>impunitatem</span> <span class='ocrx_word' id='word_1_49' title='bbox 980 916 1085 970; x_wconf 87' lang='lat' dir='ltr'>illis</span> <span class='ocrx_word' id='word_1_50' title='bbox 1131 917 1369 970; x_wconf 85' lang='lat' dir='ltr'>duorum</span> <span class='ocrx_word' id='word_1_51' title='bbox 1413 915 1645 969; x_wconf 79' lang='lat' dir='ltr'>fratrum</span> <span class='ocrx_word' id='word_1_52' title='bbox 1691 936 1916 990; x_wconf 80' lang='lat' dir='ltr'>regum,</span> 
     </span>
     <span class='ocr_line' id='line_1_8' title="bbox 192 1014 1918 1090; baseline -0.002 -20"><span class='ocrx_word' id='word_1_53' title='bbox 192 1015 401 1070; x_wconf 84' lang='lat' dir='ltr'>Seleuci</span> <span class='ocrx_word' id='word_1_54' title='bbox 430 1029 483 1069; x_wconf 89' lang='lat' dir='ltr'>et</span> <span class='ocrx_word' id='word_1_55' title='bbox 510 1018 796 1085; x_wconf 86' lang='lat' dir='ltr'>Antiochi,</span> <span class='ocrx_word' id='word_1_56' title='bbox 824 1016 1096 1071; x_wconf 75' lang='lat' dir='ltr'>discordia</span> <span class='ocrx_word' id='word_1_57' title='bbox 1124 1015 1273 1069; x_wconf 83' lang='lat' dir='ltr'>dedit</span> <span class='ocrx_word' id='word_1_58' title='bbox 1300 1038 1309 1069; x_wconf 92' lang='lat'>:</span> <span class='ocrx_word' id='word_1_59' title='bbox 1340 1016 1460 1090; x_wconf 86' lang='lat' dir='ltr'>qui,</span> <span class='ocrx_word' id='word_1_60' title='bbox 1493 1014 1625 1068; x_wconf 88' lang='lat' dir='ltr'>dum</span> <span class='ocrx_word' id='word_1_61' title='bbox 1654 1015 1752 1068; x_wconf 85' lang='lat' dir='ltr'>sihi</span> <span class='ocrx_word' id='word_1_62' title='bbox 1782 1017 1918 1068; x_wconf 89' lang='lat' dir='ltr'>invi-</span> 
     </span>
     <span class='ocr_line' id='line_1_9' title="bbox 188 1115 1916 1192; baseline -0.001 -23"><span class='ocrx_word' id='word_1_63' title='bbox 188 1137 303 1169; x_wconf 86' lang='lat' dir='ltr'>cem</span> <span class='ocrx_word' id='word_1_64' title='bbox 338 1117 546 1190; x_wconf 88' lang='lat' dir='ltr'>eripere</span> <span class='ocrx_word' id='word_1_65' title='bbox 581 1137 813 1192; x_wconf 82' lang='lat' dir='ltr'>regnum</span> <span class='ocrx_word' id='word_1_66' title='bbox 847 1115 1068 1185; x_wconf 84' lang='lat' dir='ltr'>volunt,</span> <span class='ocrx_word' id='word_1_67' title='bbox 1101 1116 1353 1190; x_wconf 71' lang='lat' dir='ltr'>persequi</span> <span class='ocrx_word' id='word_1_68' title='bbox 1390 1115 1685 1169; x_wconf 76' lang='lat' dir='ltr'>defectores</span> <span class='ocrx_word' id='word_1_69' title='bbox 1722 1116 1916 1168; x_wconf 79' lang='lat' dir='ltr'>omise-</span> 
     </span>
     <span class='ocr_line' id='line_1_10' title="bbox 188 1213 1917 1290; baseline -0.001 -22"><span class='ocrx_word' id='word_1_70' title='bbox 188 1228 334 1269; x_wconf 87' lang='lat' dir='ltr'>runt.</span> <span class='ocrx_word' id='word_1_71' title='bbox 374 1215 579 1269; x_wconf 87' lang='lat' dir='ltr'>Eodem</span> <span class='ocrx_word' id='word_1_72' title='bbox 622 1228 867 1290; x_wconf 89' lang='lat' dir='ltr'>tempore</span> <span class='ocrx_word' id='word_1_73' title='bbox 906 1216 1070 1269; x_wconf 89' lang='lat' dir='ltr'>etiam</span> <span class='ocrx_word' id='word_1_74' title='bbox 1110 1214 1456 1283; x_wconf 86' lang='lat' dir='ltr'>Theodotus,</span> <span class='ocrx_word' id='word_1_75' title='bbox 1506 1213 1651 1267; x_wconf 88' lang='lat' dir='ltr'>mille</span> <span class='ocrx_word' id='word_1_76' title='bbox 1699 1214 1917 1267; x_wconf 88' lang='lat' dir='ltr'>urbium</span> 
     </span>
     <span class='ocr_line' id='line_1_11' title="bbox 186 1312 1917 1388; baseline -0.002 -19"><span class='ocrx_word' id='word_1_77' title='bbox 186 1316 599 1369; x_wconf 87' lang='lat' dir='ltr'>Bactrianarum</span> <span class='ocrx_word' id='word_1_78' title='bbox 634 1313 944 1388; x_wconf 82' lang='lat' dir='ltr'>praefectus,</span> <span class='ocrx_word' id='word_1_79' title='bbox 983 1313 1203 1380; x_wconf 79' lang='lat' dir='ltr'>defecit,</span> <span class='ocrx_word' id='word_1_80' title='bbox 1239 1333 1530 1388; x_wconf 83' lang='lat' dir='ltr'>regemque</span> <span class='ocrx_word' id='word_1_81' title='bbox 1565 1333 1619 1366; x_wconf 90' lang='lat' dir='ltr'>se</span> <span class='ocrx_word' id='word_1_82' title='bbox 1657 1312 1917 1387; x_wconf 85' lang='lat' dir='ltr'>appellari</span> 
     </span>
     <span class='ocr_line' id='line_1_12' title="bbox 183 1411 1920 1489; baseline 0 -24"><span class='ocrx_word' id='word_1_83' title='bbox 183 1414 344 1487; x_wconf 86' lang='lat' dir='ltr'>jussit</span> <span class='ocrx_word' id='word_1_84' title='bbox 377 1434 388 1466; x_wconf 75' lang='grc' dir='ltr'>ε</span> <span class='ocrx_word' id='word_1_85' title='bbox 423 1412 572 1487; x_wconf 89' lang='lat' dir='ltr'>quod</span> <span class='ocrx_word' id='word_1_86' title='bbox 608 1411 919 1489; x_wconf 83' lang='lat' dir='ltr'>exemplum</span> <span class='ocrx_word' id='word_1_87' title='bbox 960 1414 1129 1467; x_wconf 85' lang='lat' dir='ltr'>secuti</span> <span class='ocrx_word' id='word_1_88' title='bbox 1172 1414 1338 1466; x_wconf 86' lang='lat' dir='ltr'>totius</span> <span class='ocrx_word' id='word_1_89' title='bbox 1373 1414 1616 1467; x_wconf 81' lang='lat' dir='ltr'>Orientis</span> <span class='ocrx_word' id='word_1_90' title='bbox 1661 1411 1851 1488; x_wconf 89' lang='lat' dir='ltr'>populi</span> <span class='ocrx_word' id='word_1_91' title='bbox 1890 1434 1920 1465; x_wconf 88' lang='lat' dir='ltr'>a</span> 
     </span>
     <span class='ocr_line' id='line_1_13' title="bbox 186 1513 1917 1588; baseline -0.001 -22"><span class='ocrx_word' id='word_1_92' title='bbox 186 1513 579 1567; x_wconf 82' lang='lat' dir='ltr'>Macedonibus</span> <span class='ocrx_word' id='word_1_93' title='bbox 621 1513 877 1567; x_wconf 88' lang='lat' dir='ltr'>defecere.</span> <span class='ocrx_word' id='word_1_94' title='bbox 925 1517 1059 1567; x_wconf 90' lang='lat' dir='ltr'>Erat</span> <span class='ocrx_word' id='word_1_95' title='bbox 1103 1534 1166 1566; x_wconf 92' lang='lat' dir='ltr'>eo</span> <span class='ocrx_word' id='word_1_96' title='bbox 1214 1525 1460 1588; x_wconf 85' lang='lat' dir='ltr'>tempore</span> <span class='ocrx_word' id='word_1_97' title='bbox 1506 1516 1763 1581; x_wconf 81' lang='lat' dir='ltr'>Arsaces,</span> <span class='ocrx_word' id='word_1_98' title='bbox 1808 1515 1917 1578; x_wconf 87' lang='lat' dir='ltr'>vir,</span> 
     </span>
     <span class='ocr_line' id='line_1_14' title="bbox 187 1611 1917 1688; baseline 0 -23"><span class='ocrx_word' id='word_1_99' title='bbox 187 1613 327 1666; x_wconf 89' lang='lat' dir='ltr'>sicut</span> <span class='ocrx_word' id='word_1_100' title='bbox 367 1614 583 1666; x_wconf 77' lang='lat' dir='ltr'>incertae</span> <span class='ocrx_word' id='word_1_101' title='bbox 622 1614 875 1688; x_wconf 83' lang='lat' dir='ltr'>originis,</span> <span class='ocrx_word' id='word_1_102' title='bbox 911 1614 985 1667; x_wconf 87' lang='lat' dir='ltr'>ita</span> <span class='ocrx_word' id='word_1_103' title='bbox 1026 1614 1242 1666; x_wconf 89' lang='lat' dir='ltr'>virtutis</span> <span class='ocrx_word' id='word_1_104' title='bbox 1282 1625 1534 1686; x_wconf 67' lang='lat' dir='ltr'>expertae.</span> <span class='ocrx_word' id='word_1_105' title='bbox 1580 1614 1683 1666; x_wconf 91' lang='lat' dir='ltr'>Hic</span> <span class='ocrx_word' id='word_1_106' title='bbox 1727 1611 1917 1666; x_wconf 88' lang='lat' dir='ltr'>solitus</span> 
     </span>
     <span class='ocr_line' id='line_1_15' title="bbox 185 1711 1916 1787; baseline 0.001 -23"><span class='ocrx_word' id='word_1_107' title='bbox 185 1711 480 1766; x_wconf 87' lang='lat' dir='ltr'>latrociniis</span> <span class='ocrx_word' id='word_1_108' title='bbox 515 1725 569 1766; x_wconf 91' lang='lat' dir='ltr'>et</span> <span class='ocrx_word' id='word_1_109' title='bbox 603 1725 763 1787; x_wconf 85' lang='lat' dir='ltr'>rapto</span> <span class='ocrx_word' id='word_1_110' title='bbox 799 1714 1009 1781; x_wconf 80' lang='lat' dir='ltr'>vivere,</span> <span class='ocrx_word' id='word_1_111' title='bbox 1043 1725 1268 1787; x_wconf 88' lang='lat' dir='ltr'>accepta</span> <span class='ocrx_word' id='word_1_112' title='bbox 1306 1713 1596 1786; x_wconf 85' lang='lat' dir='ltr'>opinione,</span> <span class='ocrx_word' id='word_1_113' title='bbox 1630 1711 1916 1767; x_wconf 85' lang='lat' dir='ltr'>Seleucum</span> 
     </span>
     <span class='ocr_line' id='line_1_16' title="bbox 185 1810 1918 1887; baseline -0.001 -22"><span class='ocrx_word' id='word_1_114' title='bbox 185 1834 214 1865; x_wconf 88' lang='lat' dir='ltr'>a</span> <span class='ocrx_word' id='word_1_115' title='bbox 241 1810 413 1866; x_wconf 88' lang='lat' dir='ltr'>Gallis</span> <span class='ocrx_word' id='word_1_116' title='bbox 442 1813 498 1864; x_wconf 92' lang='lat' dir='ltr'>in</span> <span class='ocrx_word' id='word_1_117' title='bbox 526 1812 654 1866; x_wconf 85' lang='lat' dir='ltr'>Asia</span> <span class='ocrx_word' id='word_1_118' title='bbox 680 1813 909 1882; x_wconf 82' lang='lat' dir='ltr'>victum,</span> <span class='ocrx_word' id='word_1_119' title='bbox 941 1810 1151 1866; x_wconf 91' lang='lat' dir='ltr'>solutus</span> <span class='ocrx_word' id='word_1_120' title='bbox 1180 1812 1322 1887; x_wconf 49' lang='lat' dir='ltr'>renis</span> <span class='ocrx_word' id='word_1_121' title='bbox 1349 1823 1524 1880; x_wconf 88' lang='lat' dir='ltr'>metu,</span> <span class='ocrx_word' id='word_1_122' title='bbox 1556 1832 1678 1864; x_wconf 89' lang='lat' dir='ltr'>cum</span> <span class='ocrx_word' id='word_1_123' title='bbox 1707 1810 1918 1886; x_wconf 86' lang='lat' dir='ltr'>praedo-</span> 
     </span>
     <span class='ocr_line' id='line_1_17' title="bbox 185 1910 1918 1987; baseline 0.001 -23"><span class='ocrx_word' id='word_1_124' title='bbox 185 1932 317 1965; x_wconf 87' lang='lat' dir='ltr'>num</span> <span class='ocrx_word' id='word_1_125' title='bbox 347 1932 512 1965; x_wconf 88' lang='lat' dir='ltr'>manu</span> <span class='ocrx_word' id='word_1_126' title='bbox 543 1912 773 1966; x_wconf 89' lang='lat' dir='ltr'>Parthos</span> <span class='ocrx_word' id='word_1_127' title='bbox 804 1913 1106 1987; x_wconf 81' lang='lat' dir='ltr'>ingressus,</span> <span class='ocrx_word' id='word_1_128' title='bbox 1138 1911 1455 1987; x_wconf 81' lang='lat' dir='ltr'>praefectum</span> <span class='ocrx_word' id='word_1_129' title='bbox 1488 1931 1677 1964; x_wconf 86' lang='lat' dir='ltr'>eorum</span> <span class='ocrx_word' id='word_1_130' title='bbox 1707 1910 1918 1965; x_wconf 82' lang='lat' dir='ltr'>Andra-</span> 
     </span>
     <span class='ocr_line' id='line_1_18' title="bbox 181 2012 1913 2090; baseline -0.002 -23"><span class='ocrx_word' id='word_1_131' title='bbox 181 2034 374 2088; x_wconf 74' lang='lat' dir='ltr'>goram</span> <span class='ocrx_word' id='word_1_132' title='bbox 397 2014 695 2090; x_wconf 82' lang='lat' dir='ltr'>oppressit3</span> <span class='ocrx_word' id='word_1_133' title='bbox 721 2012 1048 2088; x_wconf 86' lang='lat' dir='ltr'>sublatoque</span> <span class='ocrx_word' id='word_1_134' title='bbox 1071 2034 1161 2082; x_wconf 90' lang='lat' dir='ltr'>eo,</span> <span class='ocrx_word' id='word_1_135' title='bbox 1188 2013 1476 2087; x_wconf 85' lang='lat' dir='ltr'>imperium</span> <span class='ocrx_word' id='word_1_136' title='bbox 1502 2013 1677 2088; x_wconf 81' lang='lat' dir='ltr'>gentis</span> <span class='ocrx_word' id='word_1_137' title='bbox 1702 2013 1913 2065; x_wconf 86' lang='lat' dir='ltr'>invasit.</span> 
     </span>
     <span class='ocr_line' id='line_1_19' title="bbox 184 2108 1918 2189; baseline -0.002 -22"><span class='ocrx_word' id='word_1_138' title='bbox 184 2116 311 2169; x_wconf 81' lang='lat' dir='ltr'>Non</span> <span class='ocrx_word' id='word_1_139' title='bbox 348 2134 550 2189; x_wconf 82' lang='lat' dir='ltr'>magno</span> <span class='ocrx_word' id='word_1_140' title='bbox 587 2113 782 2167; x_wconf 89' lang='lat' dir='ltr'>deinde</span> <span class='ocrx_word' id='word_1_141' title='bbox 817 2125 942 2188; x_wconf 88' lang='lat' dir='ltr'>post</span> <span class='ocrx_word' id='word_1_142' title='bbox 977 2125 1249 2187; x_wconf 87' lang='lat' dir='ltr'>tempore,</span> <span class='ocrx_word' id='word_1_143' title='bbox 1285 2115 1668 2186; x_wconf 75' lang='lat' dir='ltr'>Hyrcanorum</span> <span class='ocrx_word' id='word_1_144' title='bbox 1700 2108 1918 2185; x_wconf 78' lang='lat' dir='ltr'>quoque</span> 
     </span>
     <span class='ocr_line' id='line_1_20' title="bbox 182 2212 1916 2289; baseline -0.001 -23"><span class='ocrx_word' id='word_1_145' title='bbox 182 2235 414 2289; x_wconf 83' lang='lat' dir='ltr'>regnum</span> <span class='ocrx_word' id='word_1_146' title='bbox 440 2214 726 2289; x_wconf 81' lang='lat' dir='ltr'>occupavit</span> <span class='ocrx_word' id='word_1_147' title='bbox 758 2235 768 2267; x_wconf 79' lang='grc' dir='ltr'>ε</span> <span class='ocrx_word' id='word_1_148' title='bbox 798 2225 960 2289; x_wconf 86' lang='lat' dir='ltr'>atque</span> <span class='ocrx_word' id='word_1_149' title='bbox 996 2215 1071 2268; x_wconf 90' lang='lat' dir='ltr'>ita</span> <span class='ocrx_word' id='word_1_150' title='bbox 1110 2214 1343 2267; x_wconf 86' lang='lat' dir='ltr'>duarum</span> <span class='ocrx_word' id='word_1_151' title='bbox 1374 2212 1656 2266; x_wconf 82' lang='lat' dir='ltr'>civitatum</span> <span class='ocrx_word' id='word_1_152' title='bbox 1687 2213 1916 2286; x_wconf 89' lang='lat' dir='ltr'>imperio</span> 
     </span>
     <span class='ocr_line' id='line_1_21' title="bbox 179 2311 1917 2388; baseline 0 -22"><span class='ocrx_word' id='word_1_153' title='bbox 179 2313 476 2388; x_wconf 63' lang='lat' dir='ltr'>praeditus,</span> <span class='ocrx_word' id='word_1_154' title='bbox 522 2313 784 2388; x_wconf 81' lang='lat' dir='ltr'>grandem</span> <span class='ocrx_word' id='word_1_155' title='bbox 833 2315 1131 2368; x_wconf 83' lang='lat' dir='ltr'>exercitum</span> <span class='ocrx_word' id='word_1_156' title='bbox 1182 2325 1369 2388; x_wconf 86' lang='lat' dir='ltr'>parat,</span> <span class='ocrx_word' id='word_1_157' title='bbox 1414 2325 1561 2366; x_wconf 89' lang='lat' dir='ltr'>metu</span> <span class='ocrx_word' id='word_1_158' title='bbox 1610 2311 1817 2366; x_wconf 86' lang='lat' dir='ltr'>Seleuci</span> <span class='ocrx_word' id='word_1_159' title='bbox 1866 2325 1917 2366; x_wconf 87' lang='lat' dir='ltr'>et</span> 
     </span>
     <span class='ocr_line' id='line_1_22' title="bbox 183 2412 1913 2489; baseline 0 -24"><span class='ocrx_word' id='word_1_160' title='bbox 183 2412 480 2481; x_wconf 86' lang='lat' dir='ltr'>Theodoti,</span> <span class='ocrx_word' id='word_1_161' title='bbox 505 2415 920 2468; x_wconf 82' lang='lat' dir='ltr'>Bactrianorum</span> <span class='ocrx_word' id='word_1_162' title='bbox 946 2415 1105 2489; x_wconf 81' lang='lat' dir='ltr'>regis.</span> <span class='ocrx_word' id='word_1_163' title='bbox 1131 2413 1235 2467; x_wconf 87' lang='lat' dir='ltr'>Sed</span> <span class='ocrx_word' id='word_1_164' title='bbox 1260 2415 1393 2483; x_wconf 83' lang='lat' dir='ltr'>cito,</span> <span class='ocrx_word' id='word_1_165' title='bbox 1420 2424 1596 2466; x_wconf 87' lang='lat' dir='ltr'>morte</span> <span class='ocrx_word' id='word_1_166' title='bbox 1620 2412 1913 2477; x_wconf 83' lang='lat' dir='ltr'>Theodoti,</span> 
     </span>
     <span class='ocr_line' id='line_1_23' title="bbox 182 2511 1915 2587; baseline 0 -22"><span class='ocrx_word' id='word_1_167' title='bbox 182 2524 334 2566; x_wconf 87' lang='lat' dir='ltr'>metu</span> <span class='ocrx_word' id='word_1_168' title='bbox 375 2511 665 2582; x_wconf 80' lang='lat' dir='ltr'>liberatuS,</span> <span class='ocrx_word' id='word_1_169' title='bbox 703 2533 828 2566; x_wconf 87' lang='lat' dir='ltr'>cum</span> <span class='ocrx_word' id='word_1_170' title='bbox 868 2512 981 2567; x_wconf 87' lang='lat' dir='ltr'>filio</span> <span class='ocrx_word' id='word_1_171' title='bbox 1020 2514 1135 2587; x_wconf 87' lang='lat' dir='ltr'>ejus</span> <span class='ocrx_word' id='word_1_172' title='bbox 1176 2524 1226 2566; x_wconf 88' lang='lat' dir='ltr'>et</span> <span class='ocrx_word' id='word_1_173' title='bbox 1265 2514 1383 2587; x_wconf 91' lang='lat' dir='ltr'>ipso</span> <span class='ocrx_word' id='word_1_174' title='bbox 1423 2512 1705 2567; x_wconf 89' lang='lat' dir='ltr'>Theodoto</span> <span class='ocrx_word' id='word_1_175' title='bbox 1742 2511 1915 2565; x_wconf 84' lang='lat' dir='ltr'>foedus</span> 
     </span>
     <span class='ocr_line' id='line_1_24' title="bbox 180 2611 1914 2689; baseline -0.001 -22"><span class='ocrx_word' id='word_1_176' title='bbox 180 2635 244 2667; x_wconf 35' lang='lat' dir='ltr'>‘ac</span> <span class='ocrx_word' id='word_1_177' title='bbox 284 2634 471 2689; x_wconf 87' lang='lat' dir='ltr'>pacem</span> <span class='ocrx_word' id='word_1_178' title='bbox 504 2612 629 2667; x_wconf 87' lang='lat' dir='ltr'>fecit</span> <span class='ocrx_word' id='word_1_179' title='bbox 664 2634 673 2665; x_wconf 90' lang='lat'>:</span> <span class='ocrx_word' id='word_1_180' title='bbox 712 2633 811 2666; x_wconf 88' lang='lat' dir='ltr'>nec</span> <span class='ocrx_word' id='word_1_181' title='bbox 851 2611 1027 2666; x_wconf 88' lang='lat' dir='ltr'>multo</span> <span class='ocrx_word' id='word_1_182' title='bbox 1067 2625 1190 2687; x_wconf 92' lang='lat' dir='ltr'>post</span> <span class='ocrx_word' id='word_1_183' title='bbox 1230 2633 1355 2666; x_wconf 89' lang='lat' dir='ltr'>cum</span> <span class='ocrx_word' id='word_1_184' title='bbox 1392 2611 1617 2666; x_wconf 79' lang='lat' dir='ltr'>Seleuco</span> <span class='ocrx_word' id='word_1_185' title='bbox 1658 2632 1811 2686; x_wconf 84' lang='lat' dir='ltr'>rege,</span> <span class='ocrx_word' id='word_1_186' title='bbox 1848 2611 1914 2665; x_wconf 84' lang='lat' dir='ltr'>ad</span> 
     </span>
     <span class='ocr_line' id='line_1_25' title="bbox 180 2711 1915 2789; baseline -0.002 -21"><span class='ocrx_word' id='word_1_187' title='bbox 180 2714 483 2768; x_wconf 87' lang='lat' dir='ltr'>defectores</span> <span class='ocrx_word' id='word_1_188' title='bbox 534 2711 938 2789; x_wconf 82' lang='lat' dir='ltr'>persequendos</span> <span class='ocrx_word' id='word_1_189' title='bbox 990 2714 1274 2782; x_wconf 84' lang='lat' dir='ltr'>veniente,</span> <span class='ocrx_word' id='word_1_190' title='bbox 1329 2733 1685 2787; x_wconf 81' lang='lat' dir='ltr'>cong1·essuS,</span> <span class='ocrx_word' id='word_1_191' title='bbox 1741 2713 1915 2765; x_wconf 85' lang='lat' dir='ltr'>victor</span> 
     </span>
     <span class='ocr_line' id='line_1_26' title="bbox 184 2810 1912 2889; baseline -0.001 -23"><span class='ocrx_word' id='word_1_192' title='bbox 184 2814 288 2868; x_wconf 86' lang='lat' dir='ltr'>fuit</span> <span class='ocrx_word' id='word_1_193' title='bbox 320 2836 330 2868; x_wconf 76' lang='grc' dir='ltr'>ε</span> <span class='ocrx_word' id='word_1_194' title='bbox 364 2835 526 2889; x_wconf 89' lang='lat' dir='ltr'>quem</span> <span class='ocrx_word' id='word_1_195' title='bbox 556 2813 698 2867; x_wconf 89' lang='lat' dir='ltr'>diem</span> <span class='ocrx_word' id='word_1_196' title='bbox 731 2811 919 2866; x_wconf 80' lang='lat' dir='ltr'>Parthi</span> <span class='ocrx_word' id='word_1_197' title='bbox 952 2811 1146 2865; x_wconf 83' lang='lat' dir='ltr'>exinde</span> <span class='ocrx_word' id='word_1_198' title='bbox 1178 2810 1487 2880; x_wconf 86' lang='lat' dir='ltr'>solennem,</span> <span class='ocrx_word' id='word_1_199' title='bbox 1520 2810 1666 2865; x_wconf 81' lang='lat' dir='ltr'>velut</span> <span class='ocrx_word' id='word_1_200' title='bbox 1698 2812 1912 2865; x_wconf 81' lang='lat' dir='ltr'>initium</span> 
     </span>
     <span class='ocr_line' id='line_1_27' title="bbox 183 2910 813 2983; baseline 0.005 -19"><span class='ocrx_word' id='word_1_201' title='bbox 183 2910 470 2983; x_wconf 82' lang='lat' dir='ltr'>libertatiS,</span> <span class='ocrx_word' id='word_1_202' title='bbox 504 2914 813 2968; x_wconf 87' lang='lat' dir='ltr'>observant.</span> 
     </span>
    </p>

    <p class='ocr_par' dir='ltr' id='par_1_3' title="bbox 184 3011 1911 3284">
     <span class='ocr_line' id='line_1_28' title="bbox 264 3011 1911 3081; baseline 0 -16"><span class='ocrx_word' id='word_1_203' title='bbox 264 3014 330 3065; x_wconf 90' lang='lat' dir='ltr'>V.</span> <span class='ocrx_word' id='word_1_204' title='bbox 369 3015 644 3067; x_wconf 84' lang='lat' dir='ltr'>Revocato</span> <span class='ocrx_word' id='word_1_205' title='bbox 677 3011 872 3066; x_wconf 90' lang='lat' dir='ltr'>deinde</span> <span class='ocrx_word' id='word_1_206' title='bbox 906 3011 1133 3066; x_wconf 89' lang='lat' dir='ltr'>Seleuco</span> <span class='ocrx_word' id='word_1_207' title='bbox 1165 3012 1319 3065; x_wconf 90' lang='lat' dir='ltr'>novis</span> <span class='ocrx_word' id='word_1_208' title='bbox 1348 3013 1585 3066; x_wconf 83' lang='lat' dir='ltr'>motibus</span> <span class='ocrx_word' id='word_1_209' title='bbox 1614 3014 1668 3065; x_wconf 85' lang='lat' dir='ltr'>in</span> <span class='ocrx_word' id='word_1_210' title='bbox 1700 3013 1911 3081; x_wconf 79' lang='lat' dir='ltr'>Asiam,</span> 
     </span>
     <span class='ocr_line' id='line_1_29' title="bbox 184 3102 1911 3187; baseline -0.001 -24"><span class='ocrx_word' id='word_1_211' title='bbox 184 3110 313 3164; x_wconf 84' lang='lat' dir='ltr'>dato</span> <span class='ocrx_word' id='word_1_212' title='bbox 361 3110 702 3182; x_wconf 81' lang='lat' dir='ltr'>laxamento,</span> <span class='ocrx_word' id='word_1_213' title='bbox 754 3102 986 3187; x_wconf 83' lang='lat' dir='ltr'>regnum</span> <span class='ocrx_word' id='word_1_214' title='bbox 1034 3113 1354 3166; x_wconf 81' lang='lat' dir='ltr'>Parthicum</span> <span class='ocrx_word' id='word_1_215' title='bbox 1405 3112 1633 3181; x_wconf 83' lang='lat' dir='ltr'>format,</span> <span class='ocrx_word' id='word_1_216' title='bbox 1687 3109 1911 3165; x_wconf 77' lang='lat' dir='ltr'>militem</span> 
     </span>
     <span class='ocr_line' id='line_1_30' title="bbox 184 3208 1910 3284; baseline 0.001 -21"><span class='ocrx_word' id='word_1_217' title='bbox 184 3208 345 3284; x_wconf 76' lang='lat' dir='ltr'>legit,</span> <span class='ocrx_word' id='word_1_218' title='bbox 385 3209 603 3278; x_wconf 81' lang='lat' dir='ltr'>castella</span> <span class='ocrx_word' id='word_1_219' title='bbox 642 3212 855 3280; x_wconf 86' lang='lat' dir='ltr'>munit,</span> <span class='ocrx_word' id='word_1_220' title='bbox 890 3212 1133 3265; x_wconf 87' lang='lat' dir='ltr'>civitates</span> <span class='ocrx_word' id='word_1_221' title='bbox 1170 3211 1366 3264; x_wconf 87' lang='lat' dir='ltr'>firmat.</span> <span class='ocrx_word' id='word_1_222' title='bbox 1416 3212 1619 3265; x_wconf 85' lang='lat' dir='ltr'>Urbem</span> <span class='ocrx_word' id='word_1_223' title='bbox 1663 3231 1910 3284; x_wconf 84' lang='lat' dir='ltr'>quoque,</span> 
     </span>
    </p>
   </div>
   <div class='ocr_carea' id='block_1_3' title="bbox 185 3310 1911 3386">
    <p class='ocr_par' dir='ltr' id='par_1_4' title="bbox 185 3310 1911 3386">
     <span class='ocr_line' id='line_1_31' title="bbox 185 3310 1911 3386; baseline 0 -24"><span class='ocrx_word' id='word_1_224' title='bbox 185 3311 406 3363; x_wconf 84' lang='lat' dir='ltr'>nominc</span> <span class='ocrx_word' id='word_1_225' title='bbox 450 3312 686 3380; x_wconf 84' lang='lat' dir='ltr'>Daram,</span> <span class='ocrx_word' id='word_1_226' title='bbox 730 3312 783 3363; x_wconf 88' lang='lat' dir='ltr'>in</span> <span class='ocrx_word' id='word_1_227' title='bbox 827 3322 1012 3365; x_wconf 85' lang='lat' dir='ltr'>monte</span> <span class='ocrx_word' id='word_1_228' title='bbox 1051 3314 1429 3386; x_wconf 84' lang='lat' dir='ltr'>Zapaortenon</span> <span class='ocrx_word' id='word_1_229' title='bbox 1476 3310 1662 3364; x_wconf 82' lang='lat' dir='ltr'>condit</span> <span class='ocrx_word' id='word_1_230' title='bbox 1705 3331 1715 3363; x_wconf 90' lang='lat'>:</span> <span class='ocrx_word' id='word_1_231' title='bbox 1756 3310 1911 3384; x_wconf 80' lang='lat' dir='ltr'>cujus</span> 
     </span>
    </p>
   </div>
  </div>
 </body>
</html>
