2248 3697
566 195 1008 238 HISTORIARUM
1038 197 1150 239 LIB.
1187 198 1359 242 XXXI.
1769 203 1826 256 [15

110 300 210 352 hus
272 298 541 353 continuis
600 297 799 372 proeliis
855 299 1106 373 subegit,
1156 313 1207 353 et
1265 304 1500 375 graviter
1559 302 1789 360 fractum
1812 350 1825 376 ‚

106 398 254 454 velut
287 419 643 474 exsanguem,
680 399 733 450 in
762 418 930 472 regno
968 397 1204 472 reliquit.
1246 400 1349 453 Sed
1384 401 1632 458 libertate
1669 408 1823 459 Grae-

106 502 199 554 ciae
228 499 511 566 restituta,
551 497 906 572 deductisque
943 498 1010 551 ab
1043 499 1270 553 urbibus
1316 502 1608 575 praesidiis,
1654 526 1820 578 quum

107 619 361 654 romanus
413 599 679 652 exercitus
723 599 775 651 in
827 597 1037 651 ltaliam
1083 611 1395 675 reportatus
1459 615 1626 672 esset,
1679 603 1824 659 velut

107 719 272 752 vacua
313 719 500 751 rursus
544 699 878 773 possessione
931 697 1282 766 sollicitatus,
1334 698 1531 754 multas
1578 703 1822 758 civitates

102 799 386 875 repentino
421 797 563 852 bello
609 799 820 851 invasit.
861 799 1079 868 Quibus
1116 800 1277 852 rebus
1325 800 1565 853 exterriti
1610 802 1821 874 Achaei,

102 921 168 953 ne
197 900 435 953 vicinum
464 897 665 952 malum
694 899 854 952 etiam
884 898 950 952 ad
987 920 1040 952 se
1084 911 1352 973 serperet,
1393 899 1591 953 bellum
1638 901 1821 955 adver-

100 1021 188 1053 sus
251 999 519 1054 Nabidem
570 998 901 1067 decernunt,
960 997 1263 1072 ducemque
1319 1011 1604 1074 praetorem
1661 1022 1818 1054 suum

100 1098 590 1176 Philopoemenem,
624 1098 850 1172 insignis
884 1097 1165 1151 industriae
1201 1099 1407 1166 virum,
1439 1101 1818 1154 constituunt:

99 1200 253 1273 cujus
282 1201 336 1252 in
369 1219 432 1251 eo
470 1196 610 1251 bello
654 1209 808 1250 tanta
841 1197 1011 1250 virtus
1050 1197 1272 1266 enituit,
1301 1210 1361 1251 ut
1408 1201 1665 1274 opinione
1701 1222 1820 1254 om-

99 1298 250 1349 nium
276 1294 585 1350 Flaminino
604 1339 617 1363 ,
635 1316 866 1350 romano
894 1296 1239 1372 imperatori,
1261 1311 1686 1372 compararetur.
1721 1303 1820 1354 Eo-

96 1395 219 1450 dem
262 1408 505 1472 tempore
546 1394 807 1463 Annibal,
842 1417 1010 1470 quum
1051 1395 1116 1451 ad
1162 1397 1497 1450 Antiochum
1539 1401 1819 1473 pervenis-

97 1506 206 1564 set,
240 1494 389 1548 velut
422 1495 649 1548 deorum
685 1515 884 1547 munus
910 1495 1179 1568 excipitur
1207 1507 1530 1570 :tantusque
1566 1497 1681 1571 ejus
1723 1499 1818 1552 ad-

96 1606 262 1648 ventu
288 1594 451 1647 ardor
486 1595 677 1647 animis
713 1594 854 1668 regis
884 1595 1136 1661 accessit,
1173 1607 1232 1647 ut
1264 1616 1374 1648 non
1408 1608 1515 1649 tam
1549 1597 1614 1650 de
1648 1596 1817 1666 bello,

97 1714 261 1766 (guam
295 1692 359 1746 de
396 1693 628 1768 praemiis
672 1693 906 1745 victoriae
948 1694 1229 1768 cogitaret.
1280 1693 1383 1747 Sed
1422 1695 1683 1764 Annibal,
1731 1700 1816 1751 cui

99 1805 224 1846 uota
273 1813 497 1846 romana
543 1793 714 1846 virtus
754 1804 903 1862 erat,
953 1793 1186 1868 negabat
1228 1795 1465 1868 opprimi
1507 1798 1818 1865 Romanos,

94 1893 197 1945 nisi
232 1893 284 1945 in
319 1891 494 1962 Italia,
519 1913 689 1967 posse.
728 1891 811 1947 Ad
846 1893 950 1947 hoc
994 1893 1094 1946 sibi
1135 1906 1356 1947 centum
1401 1915 1594 1965 naves,
1629 1908 1680 1949 et
1729 1895 1819 1951 de-

93 2012 208 2045 cem
244 1990 414 2045 millia
442 1991 712 2067 peditum,
747 2005 800 2045 et
835 1991 979 2045 mille
1018 1994 1225 2066 equites
1265 1994 1552 2068 poscebat,
1589 1996 1819 2069 promit-

96 2104 243 2159 tens,
280 2092 423 2146 «hac
471 2113 637 2146 manu
687 2112 796 2146 non
842 2093 1019 2146 minus
1060 2091 1295 2157 bellum,
1349 2114 1510 2167 quam
1565 2097 1817 2169 gesserit,

94 2190 261 2245 Italiae
297 2205 758 2260 restauraturum,
792 2205 845 2246 et
877 2195 931 2246 in
961 2193 1146 2247 Asiam
1178 2194 1290 2268 regi
1329 2193 1534 2247 sedenti
1572 2206 1666 2247 aut
1709 2196 1819 2247 vic·

95 2291 290 2344 toriam
327 2291 390 2343 de
423 2292 705 2359 Romanis,
729 2303 822 2344 aut
854 2312 1034 2366 {equas
1064 2292 1211 2366 pacis
1234 2291 1577 2346 conditiones
1614 2291 1816 2346 relatu-

96 2411 214 2443 rum
246 2411 256 2442 :
292 2391 495 2464 quippe
527 2402 579 2442 et
610 2392 864 2465 Hispanis
893 2389 1035 2444 hello
1062 2390 1450 2465 flagrantibus,
1476 2390 1668 2445 ducem
1704 2404 1818 2445 tan-

99 2500 209 2542 tum
249 2489 464 2552 deesse3
499 2501 550 2541 et
590 2488 801 2541 Italiam
846 2490 1115 2542 notiorem
1155 2489 1253 2542 sibi
1287 2510 1458 2559 nunc,
1493 2510 1657 2564 quam
1708 2492 1818 2564 pri-

95 2587 217 2641 dem
246 2587 448 2640 fuisset.
485 2587 589 2641 Sed
614 2608 709 2641 nec
736 2587 1122 2663 Carthaginem
1153 2589 1459 2660 quieturam
1478 2589 1818 2664 ,sociamque

101 2708 154 2740 se
187 2688 234 2739 ei
260 2688 374 2740 sine
405 2708 556 2740 mora
594 2686 1002 2761 praebituram.»

175 2788 270 2840 IV.
323 2788 510 2858 Quum
559 2787 672 2861 regi
725 2784 949 2839 consilia
988 2785 1354 2860 placuissent,
1403 2789 1638 2841 mittitur
1686 2792 1820 2845 Car-

100 2885 375 2959 thaginem
418 2906 560 2938 unus
608 2905 669 2937 ex
705 2883 994 2938 comitibus
1029 2883 1339 2954 Annibalis,
1390 2886 1483 2959 qui
1530 2887 1581 2938 in
1614 2886 1817 2941 bellum

95 2983 322 3059 cupidos
365 2984 645 3051 hortetur,
682 2981 1116 3057 Annibalemque
1147 3004 1270 3037 cum
1308 2985 1478 3060 copiis
1512 2984 1815 3038 affuturum

95 3082 344 3148 nuntiet,
370 3082 503 3135 nihil
532 3081 673 3135 dicat
703 3081 978 3157 partibus,
1014 3083 1114 3135 nisi
1148 3083 1356 3137 animos
1396 3083 1815 3158 Carthaginien-

97 3183 260 3250 sium,
297 3180 476 3233 deesse
511 3202 521 3234 :
556 3183 737 3235 Asiam
771 3193 824 3234 et
858 3182 994 3234 vires
1029 3179 1188 3250 belli,
1222 3195 1272 3235 et
1307 3194 1585 3257 sumptum
1628 3184 1820 3257 praebi-
