2315 3868
388 368 478 410 206
811 364 1293 408 ADNOTATIONES
1331 365 1396 407 IN
1430 365 1456 407 J
1459 363 1672 408 USTINI

385 461 537 505 metrii
565 468 608 502 et
638 472 831 517 magnos
859 461 1077 503 tumultus
1106 460 1154 502 in
1181 460 1422 518 superiore
1449 459 1574 514 Asia,
1613 475 1727 518 quos
1757 460 1913 503 Parthi
1939 461 2101 503 conci-

387 545 610 580 taverant.

449 614 554 657 cip.
581 614 616 655 I.
648 612 874 666 Quaedam
907 612 965 655 de
1002 611 1311 672 chronologia
1349 613 1516 655 horum
1548 621 1809 669 temporum
1847 613 1966 656 bene
1994 628 2102 656 mo-

385 689 487 733 nuit
520 689 704 748 Baylius
726 689 776 732 in
799 690 1120 733 Dz'ctionnac're
1147 690 1341 749 critique
1368 698 1412 732 ec
1440 689 1690 748 historique
1728 689 1813 732 sub
1837 704 1952 732 voce
1979 690 2106 747 Cap-

378 765 616 825 padocia,
649 774 760 809 nota
794 766 834 809 3.

454 843 726 884 Ptolemoeo.
760 843 840 884 Est
875 842 950 884 hic
986 842 1259 884 Ptolemaeus
1289 841 1603 896 Philometor,
1640 842 1719 900 qui
1746 841 1890 886 filiam
1922 859 2108 902 quoque

387 917 660 960 Alexandro
693 919 811 961 Balae
844 917 890 960 in
920 917 1271 960 matrimonium
1296 917 1441 961 dedit.

462 995 729 1037 Subomant
751 995 926 1036 Balam
950 994 1212 1052 quemdam.
1245 993 1335 1036 Hic
1373 994 1506 1037 MSS.
1544 993 1721 1036 habent
1753 1010 1762 1035 :
1799 1014 1817 1033 «
1847 995 2108 1038 subornant

388 1070 633 1128 propalam
671 1069 921 1128 quemdam
938 1088 985 1124 »3
1016 1070 1142 1112 unde
1176 1069 1368 1128 quidam
1405 1069 1534 1113 tenui
1562 1069 1820 1113 mutatione
1856 1070 2065 1114 fecerunt
2099 1088 2107 1113 :

391 1168 408 1186 «
431 1147 535 1190 sub.
563 1147 813 1205 propolam
842 1162 913 1204 q.‚
935 1166 953 1184 »
989 1146 1016 1188 i.
1058 1161 1096 1189 e.
1125 1146 1366 1189 hominem
1387 1179 1399 1200 ,
1428 1145 1507 1204 qui
1536 1161 1711 1189 merces
1756 1146 1804 1189 in
1836 1154 1976 1204 portu
2008 1147 2111 1205 pri·

390 1239 491 1267 mus
527 1222 772 1281 anticipat,
805 1232 1037 1286 npmffimg,
1080 1238 1173 1282 quo
1203 1223 1348 1266 verbo
1381 1222 1590 1267 Lucilius
1623 1222 1971 1281 satirographus
2007 1239 2111 1266 usus

392 1309 455 1343 est
484 1299 537 1343 in
564 1299 775 1343 versibus
807 1300 866 1342 ab
900 1300 1056 1343 Nonio
1089 1300 1174 1343 sub
1197 1316 1241 1343 v.
1269 1300 1487 1360 primicer
1508 1299 1703 1343 servatis
1738 1317 1745 1342 :

567 1444 690 1484 Sicuti
708 1457 827 1495 quum
848 1443 996 1495 primus
1015 1443 1106 1482 ficos
1127 1443 1291 1494 propola
1310 1451 1483 1482 recentes

568 1512 759 1558 Protulit,
781 1520 822 1551 et
843 1511 970 1563 pretio
995 1511 1144 1562 ingenti
1161 1511 1227 1549 dat
1244 1510 1416 1562 primitu'
1442 1524 1606 1563 pauent-3,

394 1663 524 1723 quod
552 1661 788 1719 hodieque
813 1658 878 1704 fit.
910 1660 1003 1704 Sed
1020 1659 1311 1714 Gronovius,
1339 1657 1535 1702 historia
1566 1658 1711 1714 duce,
1742 1658 1940 1703 feliciter
1975 1660 2116 1703 resti-

393 1741 479 1784 tuit
505 1757 514 1782 :
535 1760 552 1779 «
571 1739 831 1782 subornant
853 1737 1009 1780 Balam
1028 1737 1291 1795 quemdam.
1313 1756 1330 1775 ›>
1357 1736 1428 1780 Ad
1449 1750 1647 1795 regnum
1671 1735 1792 1779 enim
1808 1736 1891 1780 illo
1905 1745 2116 1795 tempore.

395 1816 530 1860 malis
558 1815 735 1858 artibus
759 1813 975 1872 pervenit
1002 1814 1147 1856 homo
1172 1814 1357 1856 incertae
1388 1813 1567 1872 stirpis,
1591 1813 1838 1877 Ᾱλέξανὸρος
1862 1823 1879 1861 ὁ
1904 1822 2036 1869 Βάλας
2059 1820 2116 1862 ab

395 1893 605 1952 Josepho
637 1891 815 1945 dictus,
845 1889 1123 1949 Antc'q.jud.
1144 1923 1158 1943 ,
1190 1905 1310 1945 xnl,
1336 1906 1375 1934 c.
1401 1890 1452 1945 83
1483 1890 1582 1933 Liv.
1619 1891 1772 1949 Epic„
1800 1907 1883 1944 Lu,
1917 1901 1960 1933 et
1995 1891 2119 1944 aliis,

397 1985 600 2028 quorum
638 1970 768 2012 locos
797 1967 1066 2010 indicarunt
1120 1967 1233 2011 novi
1284 1967 1486 2011 editores
1539 1967 1770 2010 Thesauri
1811 1968 2124 2026 Stepham'am'

396 2043 619 2107 (Paris),
645 2045 729 2088 suh
757 2060 800 2088 V.
846 2052 989 2098 Βάλας.
1025 2045 1097 2087 Ne
1134 2053 1293 2102 pereat
1331 2045 1497 2088 vocula
1519 2061 1641 2103 pro,
1680 2059 1777 2102 quae
1817 2044 1863 2087 in
1903 2044 2120 2087 omnibus

398 2123 639 2167 codicibus
668 2122 922 2175 invenitur,
947 2120 1097 2179 possis
1119 2121 1297 2178 majore
1321 2137 1428 2164 cum
1460 2121 1669 2165 veritatis
1702 2120 1853 2178 specie
1878 2120 2082 2164 scribere
2109 2137 2117 2161 :

398 2222 414 2238 «
435 2201 694 2243 subornant
712 2214 807 2257 pro
830 2214 882 2241 eo
906 2198 1063 2241 Balam
1099 2214 1142 2257 q.
1174 2218 1191 2236 »

464 2276 710 2319 Antiocho.
740 2276 819 2317 Est
850 2275 1104 2317 Antiochus
1131 2275 1416 2332 Epiphanes.

464 2353 569 2397 CAP.
605 2354 666 2395 ΙΙ.
696 2350 986 2407 Duosfilz'OS.
1019 2348 1204 2395 Scilicet
1231 2349 1518 2394 Demetrium
1556 2352 1838 2394 Nicanorem
1874 2358 1916 2394 et
1950 2349 2121 2392 Antio-

401 2429 537 2471 chum
568 2428 790 2471 Sidetam.

468 2506 625 2549 Primo
650 2507 839 2564 proelio.
856 2505 958 2547 Hoc
977 2504 1190 2562 proelium
1223 2504 1520 2547 commissum
1550 2513 1615 2546 est
1640 2519 1789 2562 prope
1808 2502 2124 2555 Antiochiam,

403 2581 543 2640 Syriae
573 2590 725 2640 caput.

931 2719 1007 2761 IN
1047 2719 1326 2761 LIBRUM
1361 2719 1605 2762 XXXVI.

477 2898 647 2939 Fontes
680 2895 845 2954 ignoti.
883 2897 955 2939 De
990 2896 1254 2939 Judaeorum
1291 2896 1441 2954 gentis
1475 2896 1738 2955 originibus
1772 2894 1912 2936 multa
1950 2893 2009 2935 ab
2036 2893 2125 2935 Ju-

414 2972 539 3014 stino
574 2973 705 3015 aliter
736 2981 1009 3028 narrantur,
1045 2987 1184 3031 quam
1226 2973 1342 3016 facta
1375 2988 1471 3016 esse
1507 2972 1724 3015 novimus
1758 2985 1812 3012 ex
1842 2968 2055 3027 genuinis
2087 2977 2130 3011 et

412 3049 697 3106 indigetibus
735 3064 897 3092 eorum
932 3050 1251 3109 scriptoribus.
1283 3050 1403 3093 Vide
1434 3049 1561 3094 docti
1592 3048 1680 3091 viri
1710 3047 1995 3089 SCHLAEGERI
2029 3045 2128 3088 dis-

418 3124 717 3168 sertationem
747 3126 805 3167 de
840 3127 1058 3170 Fontibus
1069 3128 1330 3186 proecipuc's
1353 3142 1554 3170 errorum
1570 3126 1629 3167 de
1654 3123 1836 3166 Judceis
1860 3123 1906 3165 in
1929 3122 2129 3181 scripto—

416 3201 536 3242 ribus
558 3202 788 3258 profanis.

484 3275 586 3320 CAP.
629 3278 664 3319 J.
696 3279 964 3321 Demetriac.
1013 3280 1092 3322 Est
1131 3278 1392 3321 Demetrius
1428 3273 1647 3319 Nicanor.
1687 3277 1989 3320 Accuratiora
2027 3274 2134 3317 vide

419 3349 542 3407 apud
578 3352 847 3406 J05E1211UM,
887 3355 1187 3412 Anteqjucl„
1220 3370 1339 3407 nu,
1373 3368 1409 3394 e.
1447 3359 1487 3404 1‘4.
