2248 3697
577 183 1014 227 HISTORIARUM
1047 186 1161 229 LIB.
1198 186 1418 234 XXVIII.
1795 193 1852 235 Ἡ

129 285 427 339 honorifice
475 298 794 360 susceptus,
842 286 935 340 diu
986 287 1039 339 in
1083 308 1296 343 summa
1338 290 1656 368 dignatione
1708 297 1851 372 regis

128 385 278 437 vixit.
312 387 596 439 Postremo
627 397 750 459 post
779 383 1058 439 Ptolemaei
1090 399 1350 456 mortem,
1371 409 1402 442 a
1435 389 1548 445 filio
1583 392 1697 467 ejus
1727 414 1850 449 cum

124 484 274 537 omni
317 482 522 537 familia
561 483 908 537 interficitur.
958 484 1273 560 Antigonus
1316 499 1533 559 autem,
1584 494 1731 548 caesis
1769 515 1854 549 oc-

124 583 336 637 cidione
385 584 693 658 SpartaniS,
733 582 1012 638 fortunam
1053 596 1219 638 tantae
1270 585 1422 639 urbis
1470 590 1782 664 miseratus,
1816 617 1847 650 a

124 682 429 757 direptione
460 681 657 736 milites
690 682 1000 758 prohibuit3
1036 686 1364 759 veniamque
1389 686 1498 755 his,
1536 691 1631 762 qui
1663 712 1851 769 super-

120 783 364 853 fuerant,
407 782 586 852 dedit,
625 783 910 859 praefatUS,
957 784 1202 839 «bellum
1251 807 1305 840 se
1355 808 1481 841 cum
1531 787 1848 865 Cleomene,

121 902 232 936 non
266 902 390 936 cum
431 884 719 957 Spartanis
758 883 1037 954 habuisse,
1066 885 1222 960 cujus
1251 885 1380 962 fuga
1415 890 1591 942 omnis
1628 891 1708 944 ira
1735 893 1852 967 ejus

118 981 274 1035 finita
308 982 377 1036 sit
406 1003 416 1035 :
456 1003 554 1035 nee
586 984 785 1037 minori
817 984 919 1038 sibi
956 984 1140 1061 gloriae
1170 986 1311 1055 fore,
1343 988 1386 1041 si
1429 987 1495 1042 ab
1538 1009 1602 1043 eo
1641 1005 1853 1047 servata

116 1082 501 1149 Lacedaemon,
533 1104 562 1136 a
600 1104 710 1157 quo
744 1083 859 1137 solo
906 1097 1064 1159 capta
1112 1087 1206 1152 sit,
1238 1087 1584 1161 proderetur.
1619 1093 1851 1147 Parcere

117 1181 286 1257 igitur
326 1202 381 1234 se
415 1179 530 1234 solo
568 1181 718 1234 urbis
762 1203 824 1235 ac
876 1185 1065 1254 tectis,
1107 1186 1368 1260 quoniam
1411 1187 1688 1259 homines,
1728 1193 1851 1266 qui·-

112 1281 216 1334 bus
246 1291 520 1355 parceret,
569 1301 681 1335 non
720 1281 1172 1357 superfuissent.»
1210 1288 1327 1343 Nec
1369 1286 1546 1343 multo
1579 1303 1705 1365 post
1737 1292 1852 1367 ipse

112 1379 359 1447 decedit,
404 1401 745 1456 regnumque
780 1380 1039 1458 Philippo
1073 1383 1313 1460 pupiIIO,
1346 1407 1519 1443 annos
1553 1410 1655 1445 xlv
1683 1404 1815 1448 nato
1836 1436 1850 1461 ,

114 1479 352 1534 tradidit.

1563 3335 1570 3341 s
1563 3289 1573 3311 ,ἢ

1576 3287 1594 3341 »υ

339 3301 396 3334 Η.
