2315 3868
556 307 995 350 HISTORIARUM
1029 308 1141 349 LIss.
1179 309 1446 352 XXXVIII.
1810 309 1836 351 S
1846 310 1868 350 ’ἴ

158 429 386 484 quorum
419 409 580 462 etiam
609 409 919 461 nominibus
950 409 1298 478 erubescant,
1329 423 1422 464 aut
1449 424 1692 486 pastores
1719 412 1867 469 Abo-

155 509 416 583 riginum,
449 520 542 562 aut
587 508 859 580 aruspices
893 508 1246 576 Sabinorum,
1280 520 1373 561 aut
1417 511 1626 565 exsules
1672 513 1868 568 Corin-

156 607 421 675 thiorum,
458 618 550 659 aut
591 625 771 659 servos
808 625 1108 680 vernasque
1145 607 1523 678 Thuscorum,
1559 623 1683 681 aut,
1719 611 1864 686 quod

156 705 633 759 honoratissimum
659 724 861 758 nomen
891 704 997 758 fuit
1014 707 1162 759 <inter
1185 705 1322 773 haec,
1347 707 1650 781 Superbos;
1680 722 1867 783 atque,

158 815 213 856 ut
247 804 346 878 ipsi
378 802 592 873 ferunt,
623 803 928 858 conditores
960 824 1085 858 suos
1117 804 1258 879 lupae
1287 805 1546 860 uberibus
1578 805 1715 861 altos
1749 831 1759 861 :
1794 809 1869 863 sic

153 922 371 956 omnem
417 901 569 956 illum
614 902 880 978 'populum
927 902 1187 979 luporum
1232 905 1472 973 animOS,
1518 905 1867 980 inexplebiles

152 1001 428 1075 sanguinis
453 1014 616 1075 atque
640 1003 879 1076 imperii,
906 1003 1332 1078 divitiarumque
1358 1003 1546 1058 avidos
1572 1024 1633 1058 ac
1653 1004 1867 1078 jejunos

153 1098 369 1152 habere.

231 1200 354 1252 VII.
400 1222 425 1248 c<
446 1201 513 1252 Se
543 1210 750 1267 autem,
783 1221 876 1253 seu
904 1200 1188 1254 nobilitate
1222 1200 1325 1253 illis
1358 1213 1728 1275 comparetur,
1759 1202 1868 1257 cla-

152 1296 349 1349 riorem
379 1295 469 1348 illa
502 1292 735 1349 colluvie
764 1316 1132 1350 convenarum
1165 1317 1304 1365 esse,
1337 1299 1431 1372 qui
1466 1311 1719 1373 paternos
1750 1321 1865 1354 ma-

148 1394 292 1466 jores
326 1413 450 1447 suos
484 1413 514 1447 a
542 1396 685 1468 Cyro
713 1396 1021 1470 Darioque,
1051 1395 1425 1451 conditoribus
1454 1399 1649 1472 persici
1680 1401 1864 1475 regni,

150 1503 422 1547 maternos
446 1513 476 1545 a
498 1495 704 1568 Magno
729 1492 1065 1562 AlexandrO,
1087 1515 1150 1548 ac
1175 1497 1433 1550 Nicatore
1460 1496 1712 1566 Seleuc0,
1741 1519 1864 1552 con-

152 1591 420 1644 ditoribus
452 1590 663 1666 imperii
692 1592 1053 1660 macedonici,
1082 1593 1278 1647 referat
1309 1616 1318 1647 :
1353 1615 1444 1647 seu
1481 1595 1715 1670 populus
1745 1595 1864 1650 illo-

152 1709 275 1742 rum
311 1689 623 1743 conferatur
657 1711 785 1759 su0,
822 1711 1009 1744 earum
1046 1711 1100 1745 se
1136 1693 1380 1766 gentium
1416 1713 1560 1763 esse,
1598 1715 1716 1768 quae
1751 1715 1860 1749 non

151 1786 311 1840 modo
346 1807 572 1840 romano
606 1788 833 1862 imperio
869 1788 977 1841 sint
1010 1809 1189 1863 pares,
1220 1789 1313 1842 sed
1342 1791 1691 1846 macedonico
1728 1814 1859 1868 quo-

152 1905 256 1958 que
282 1885 605 1939 obstiterint.
632 1884 856 1940 Nullam
885 1886 1251 1961 subjectarum
1277 1888 1377 1941 sibi
1403 1890 1646 1963 gentium
1674 1911 1861 1966 exper-

154 1995 262 2036 tam
288 1985 574 2058 peregrina
602 1985 826 2058 imperia
858 2005 869 2037 :
899 1983 1061 2038 nullis
1093 2005 1360 2059 unquam,
1390 1988 1493 2040 nisi
1519 1988 1856 2060 domestici5‚

151 2082 364 2157 regibus
410 2084 650 2157 paruisse
695 2104 706 2136 :
757 2082 1160 2159 Cappadociam
1203 2083 1400 2155 velint,
1444 2107 1511 2140 an
1554 2087 1860 2165 Paphlagon-

152 2181 323 2250 niam,
359 2201 667 2250 recensere3
698 2202 888 2235 rursus
917 2183 1184 2252 Pontum,
1220 2202 1288 2236 an
1325 2184 1666 2258 Bithyniam,
1703 2188 1857 2240 item-

151 2299 255 2352 que
283 2280 595 2333 Armeniam
621 2280 882 2354 majorem
910 2280 1285 2355 minoremque
1314 2302 1325 2334 ε
1353 2302 1582 2355 quarum
1610 2286 1850 2358 gentium

151 2374 352 2429 nullam
378 2396 552 2450 neque
575 2375 876 2431 Alexander
900 2376 1014 2448 ille,
1037 2379 1131 2453 qui
1156 2391 1326 2433 totam
1349 2382 1623 2454 pacaverit
1644 2383 1824 2436 Asiam
1839 2426 1852 2453 ,

147 2492 248 2527 nec
273 2475 541 2548 quispiam
566 2495 939 2528 successorum
965 2476 1105 2550 ejus,
1136 2489 1230 2530 aut
1256 2488 1620 2551 posterorum,
1646 2480 1853 2554 attigis-

148 2584 242 2626 set.
274 2572 549 2647 Scythiam
581 2572 717 2626 duos
750 2594 992 2648 unquam
1027 2587 1153 2628 ante
1186 2596 1240 2629 se
1270 2596 1449 2651 reges,
1486 2599 1595 2631 non
1630 2599 1852 2653 pacare,

147 2669 236 2724 sed
275 2682 488 2724 tantum
526 2671 729 2724 intrare
764 2691 946 2741 aUSOS,
984 2675 1210 2727 Darium
1248 2687 1301 2727 et
1335 2674 1674 2751 Philippum,
1712 2698 1850 2754 aegre

149 2767 273 2821 inde
316 2768 500 2843 fugam
535 2768 633 2822 sibi
670 2768 975 2843 expedisse,
1016 2770 1161 2824 unde
1197 2772 1310 2845 ipse
1350 2793 1602 2848 magnam
1639 2789 1848 2850 partem

148 2863 404 2919 adversus
428 2871 702 2921 Romanos
726 2867 921 2920 virium
948 2868 1187 2922 haberet.
1213 2869 1501 2945 Multoque
1525 2892 1580 2925 se
1608 2873 1847 2926 timidius

148 2981 208 3014 ac
232 2961 563 3017 diffidentius
591 2962 732 3018 bella
760 2965 979 3039 pontica
1010 2966 1334 3040 ingressum,
1365 2989 1533 3042 quum
1560 2971 1673 3044 ipse
1700 2971 1845 3025 rudis

148 3079 208 3112 ac
236 3060 341 3111 tiro
371 3072 522 3114 esset.
556 3062 780 3135 Scythas
812 3074 1007 3135 praeter
1038 3082 1213 3131 arma,
1248 3065 1615 3141 virtutemque
1649 3069 1843 3138 animi,

149 3155 391 3209 locorum
416 3177 630 3230 quoque
654 3158 1061 3228 solitudinibus,
1091 3158 1173 3213 vel
1202 3160 1496 3236 frigoribus
1526 3165 1843 3234 instructos,

148 3273 240 3326 per
279 3273 396 3326 quae
438 3254 849 3309 denuntiaretur
887 3257 1076 3330 ingens
1113 3256 1314 3312 militiae
1350 3258 1502 3314 labor
1535 3282 1595 3315 ac
1633 3265 1843 3336 pericu-

1549 3360 1599 3411 (5.
