2248 3697
576 244 1026 290 HISTORIARUM
1066 245 1182 288 LIB.
1217 247 1420 290 XXVII.
1794 260 1852 297 27

128 348 358 417 bellum,
390 369 490 425 pro
510 348 678 402 fratre
714 348 930 402 hostem
960 367 1016 401 se
1049 346 1372 422 imploratus
1403 348 1665 403 exhihuit.
1696 349 1762 402 In
1788 368 1853 401 eo

129 448 321 525 proelio
348 449 550 502 virtute
581 446 870 503 Gallorum
903 446 1080 501 victor
1112 445 1336 521 quidem
1367 448 1670 502 Antiochus
1707 445 1811 501 fuit
1840 468 1854 499 ;

129 549 221 603 sed
253 545 430 618 Galli,
461 546 787 600 arbitrantes
823 545 1113 600 Seleucum
1150 547 1206 599 in
1247 544 1441 620 proelio
1478 548 1764 616 cecidisse,
1798 548 1853 601 in

129 649 307 723 ipsum
354 646 694 701 Antiochum
730 665 883 700 arma
914 657 1148 714 vertere,
1198 644 1422 700 liberius
1468 645 1853 722 depopulaturi

126 747 338 815 Asiam,
380 747 423 801 si
467 767 689 801 omnem
728 747 955 822 stirpem
1000 748 1208 823 regiam
1243 746 1642 801 exstinxissent.
1687 746 1852 819 Quod

128 847 221 901 ubi
256 847 422 901 sensit
454 846 956 917 AntiochUS,velut
987 868 1016 901 a
1058 846 1433 922 praedonibuS,
1468 866 1605 901 auro
1630 866 1684 900 se
1712 847 1855 901 redi-

127 946 228 1001 mit
248 988 262 1016 ,
292 947 718 1021 societatemque
749 967 875 1001 cum
898 946 1250 1002 mercenariis
1274 946 1386 1001 suis
1410 946 1612 1022 jungit.

208 1048 306 1101 ΙΙΙ.
334 1050 554 1102 Interea
580 1068 675 1102 rex
698 1047 968 1123 Bithyniae
997 1049 1294 1116 EumeneS,
1327 1046 1526 1121 sparsis
1563 1066 1856 1122 consump-

128 1146 306 1221 tisque
337 1146 600 1203 fratribus
631 1145 776 1201 bello
814 1147 1086 1201 intestinae
1120 1146 1431 1216 discordiae,
1459 1147 1615 1220 quasi
1662 1165 1860 1200 vacam«

127 1257 239 1299 tem
272 1246 411 1301 Asiae
441 1247 842 1322 possessionem
865 1246 1181 1316 invasurus,
1203 1246 1470 1302 victorem
1494 1246 1856 1315 Antiochum,

128 1343 430 1420 Gallosque
466 1346 802 1425 aggreditur.
841 1347 959 1401 Nec
992 1344 1215 1401 difficile
1246 1347 1457 1401 saucios
1482 1345 1661 1402 adhuc
1680 1367 1747 1401 ex
1769 1368 1856 1402 su·-

130 1447 344 1523 periore
389 1451 801 1525 congressione,
838 1451 1050 1525 integer
1089 1450 1201 1524 ipse
1238 1450 1470 1520 viribus,
1507 1463 1743 1525 superat,
1777 1454 1856 1505 Ea

130 1566 367 1621 namque
407 1559 732 1624 tempestate
764 1551 947 1603 omnia
981 1547 1124 1603 bella
1174 1550 1229 1603 in
1275 1550 1502 1603 exitium
1534 1550 1673 1605 Asiae
1709 1571 1860 1626 gere·

130 1646 335 1701 bantur
363 1668 373 1700 :
409 1647 487 1700 uti
520 1648 752 1721 quisque
771 1647 966 1701 fortior
1003 1647 1221 1717 fuisset,
1243 1649 1426 1703 Asiam
1455 1648 1603 1703 velut
1621 1651 1858 1724 praedam

134 1747 456 1821 occupabat.
495 1745 751 1801 Seleucus
788 1760 842 1801 et
872 1747 1177 1803 Antiochus
1213 1747 1410 1802 fratres
1449 1747 1655 1803 bellum
1694 1770 1851 1824 prop-

132 1858 215 1900 ter
248 1847 433 1901 Asiam
468 1846 729 1923 gerebant
766 1867 777 1900 :
811 1844 1164 1916 PtolemanS,
1192 1867 1288 1901 rex
1320 1849 1568 1923 AEgypti,
1600 1848 1700 1902 sub
1738 1870 1859 1924 spe-

132 1945 212 2000 cie
246 1947 467 2000 sororiae
506 1945 766 2015 ultioniS,
797 1947 935 2001 Asiae
972 1947 1236 2001 inhiabat.
1277 1949 1419 2002 Hinc
1452 1948 1721 2024 Bithynus
1757 1953 1863 2004 Eu-

132 2067 350 2117 menes,
404 2045 529 2100 inde
587 2044 761 2115 Galli,
827 2045 1187 2100 humiliorum
1252 2069 1467 2123 semper
1527 2051 1860 2104 mercenaria

134 2166 359 2215 manus,
411 2147 593 2200 Asiam
645 2144 1152 2221 depopulabantur,
1206 2168 1379 2221 quum
1442 2149 1649 2202 interea
1699 2170 1861 2204 nemo

137 2245 390 2300 defensor
440 2247 577 2300 Asiae
623 2246 766 2300 inter
800 2258 884 2299 tot
929 2246 1208 2320 praedones
1257 2247 1662 2302 inveniebatur.
1700 2249 1862 2303 Victo

136 2344 431 2411 Antiocho,
477 2365 646 2418 quum
688 2348 959 2399 Eumenes
991 2347 1252 2420 majorem
1292 2359 1503 2421 partem
1538 2348 1676 2403 Asiae
1706 2368 1862 2402 occu-

136 2455 344 2518 passet,
378 2464 446 2496 ne
480 2455 609 2497 tunc
646 2442 866 2516 quidem
903 2443 1120 2513 fratres,
1160 2445 1373 2519 perdito
1408 2449 1665 2520 praemio,
1698 2470 1864 2524 prop-

137 2554 218 2596 ter
249 2543 397 2617 quod
432 2542 637 2598 bellum
674 2544 966 2620 gerebant,
998 2545 1335 2600 concordare
1369 2559 1668 2621 potuerunt
1700 2570 1710 2602 :
1745 2549 1864 2617 sed,

138 2642 335 2696 omisso
369 2655 597 2697 externo
636 2644 827 2711 hoste,
867 2644 921 2696 in
957 2656 1213 2697 mutuum
1263 2645 1489 2699 exitium
1539 2646 1741 2700 bellum
1781 2669 1863 2701 re-

138 2753 350 2814 parant.
388 2744 453 2795 In
485 2763 548 2796 eo
586 2742 892 2796 Antiochus
933 2742 1115 2796 denuo
1161 2744 1364 2814 victus,
1412 2744 1715 2799 multorum
1753 2747 1863 2801 die-

138 2861 261 2894 rum
294 2840 427 2917 fuga
462 2841 748 2918 fatigatus,
785 2841 1001 2895 taudem
1031 2841 1098 2895 ad
1137 2863 1384 2896 socerum
1419 2865 1580 2898 suum
1614 2848 1865 2901 Artame-

140 2959 290 3009 nem,
329 2961 515 3016 regem
549 2940 937 3016 Cappadociae,
973 2941 1312 3015 provehitur.
1337 2946 1382 2997 A
1408 2965 1517 3018 quo
1551 2965 1725 3018 quum
1754 2947 1864 3020 pri-

143 3058 295 3091 mum
321 3039 558 3115 benigne
577 3052 835 3116 exceptus
864 3051 1025 3107 esset,
1057 3041 1351 3115 interjectis
1378 3043 1595 3114 diebus,
1621 3046 1862 3114 coonito,

1690 3088 1720 3120 r>

142 3136 290 3209 quod
338 3137 544 3192 insidiae
592 3139 691 3192 sibi
739 3151 1092 3213 pararentur,
1142 3139 1372 3195 salutem
1419 3141 1548 3217 fuga
1597 3145 1860 3217 quaesivit.

144 3236 323 3311 Igitur
373 3256 543 3309 quum
590 3238 821 3313 profugo
875 3260 1148 3312 nusquam
1184 3253 1336 3295 tutus
1380 3240 1529 3296 locus
1585 3255 1751 3312 esset,
1800 3244 1864 3297 ad
