2315 3868
652 294 1094 338 HISTORIARUM
1124 294 1237 336 LIB.
1274 294 1386 338 XLI
1801 288 1889 333 10⁹)

169 419 351 464 mum,
392 399 493 452 hoc
533 397 700 466 duce⁷
740 398 952 473 imperii
996 397 1271 471 fastigium
1312 419 1400 450 cos
1438 396 1709 472 perduxit.
1755 398 1889 448 Bac-

168 500 328 552 triani
367 511 548 552 autem
588 518 682 571 per
720 498 869 550 varia
912 494 1053 549 bella
1087 497 1300 570 jactati,
1344 517 1452 549 non
1499 516 1730 572 regnum
1773 507 1892 549 tan-

152 599 309 666 tum,
340 617 530 650 verum
562 596 722 649 etiam
754 593 1058 649 libertatem
1087 595 1387 648 amiserunt
1419 615 1428 647 :
1460 594 1725 668 siquidem
1756 597 1889 668 Sog-

168 698 455 751 dianorum
493 707 546 748 et
577 695 1024 769 Drangianorum
1056 693 1431 767 Indorumque
1463 691 1618 745 bellis
1654 693 1892 767 fatigati⁷

169 796 235 850 ad
277 807 615 870 postremum
657 795 724 848 ab
767 793 1181 848 invalidioribus
1220 793 1470 860 Parthis,
1514 789 1662 844 velut
1702 812 1891 845 exsan-

167 916 320 970 gues,
345 896 586 969 oppressi
611 907 754 948 sunt.
783 892 961 947 Multa
986 906 1168 947 tamen
1192 891 1511 948 Eucratides
1535 889 1674 944 bella
1699 911 1894 965 magna

168 995 370 1048 virtute
405 995 568 1068 gessit
611 1016 621 1046 z
665 993 865 1067 quibus
906 994 1158 1062 attritUS,
1195 1012 1368 1066 quum
1408 989 1746 1044 obsidionem
1789 992 1896 1042 De-

168 1094 382 1163 metrii,
422 1095 562 1168 regis
603 1093 903 1162 Indorum,
941 1104 1254 1166 pateretur,
1298 1111 1421 1145 cum
1456 1109 1553 1145 CCC
1598 1087 1894 1156 militibus,

170 1215 239 1247 Lx
284 1192 454 1246 millia
496 1193 734 1246 hostium
780 1190 1007 1245 assiduis
1058 1191 1442 1266 eruptionibus
1486 1189 1632 1242 vicit.
1679 1188 1895 1259 Quinto

167 1294 348 1366 itaque
388 1311 572 1345 mense
613 1289 907 1355 liberatUS‚
951 1289 1165 1343 Indiam
1210 1290 1264 1341 in
1306 1300 1626 1363 potestatem
1669 1286 1895 1361 redegit.

168 1390 326 1446 Unde
371 1410 542 1464 quum
586 1409 640 1443 se
687 1389 977 1464 reciperet,
1026 1410 1056 1442 a
1102 1387 1239 1459 filio,
1283 1409 1445 1464 quem
1493 1388 1701 1442 socium
1743 1388 1896 1463 regni

168 1490 390 1556 fecerat,
417 1490 473 1542 in
502 1490 694 1542 itinere
721 1488 1045 1543 interficitur
1077 1511 1086 1542 :
1118 1491 1238 1564 qui,
1267 1511 1376 1544 non
1405 1487 1746 1544 dissimulato
1776 1508 1897 1564 par-

167 1590 386 1658 ricidio,
422 1587 572 1642 velut
606 1589 848 1656 hostem,
886 1611 996 1643 non
1037 1601 1247 1665 patrem
1291 1590 1674 1660 interfecisset,
1710 1601 1761 1642 et
1801 1610 1898 1664 per

168 1691 484 1766 sanguinem
513 1691 629 1764 ejus
658 1710 882 1743 currum
908 1691 1044 1765 egit,
1071 1703 1123 1743 et
1149 1711 1347 1765 corpus
1375 1690 1534 1765 abjici
1561 1688 1896 1764 insepultum

160 1791 334 1864 jussit.
373 1792 523 1844 Dum
560 1791 673 1843 haec
712 1788 858 1863 apud
897 1793 1119 1844 Bactros
1163 1802 1460 1865 geruntur,
1497 1791 1714 1843 interim
1757 1790 1899 1843 inter

165 1889 394 1942 Parthos
424 1901 477 1942 et
506 1887 699 1943 Medos
725 1887 931 1942 bellum
957 1890 1151 1943 oritur.
1179 1890 1372 1959 Quum
1404 1890 1584 1942 varius
1614 1890 1900 1963 utriusque

164 1988 354 2064 populi
388 2010 544 2043 casus
580 1989 795 2058 fuisset,
832 1989 900 2043 ad
933 2003 1270 2064 postremum
1305 1990 1534 2044 victoria
1567 2010 1731 2065 penes
1764 1992 1897 2043 Par-

166 2090 289 2144 thos
314 2090 431 2144 fuit.
461 2091 556 2143 His
583 2089 790 2143 viribus
821 2102 1011 2144 auctus
1041 2090 1414 2157 Mithridates,
1441 2090 1638 2144 Mediae
1668 2092 1897 2143 Bacasin

167 2190 461 2264 praeponit3
485 2191 599 2265 ipse
623 2190 676 2243 in
701 2192 1033 2265 Hyrcaniam
1058 2190 1438 2264 proficiscitur.
1464 2188 1627 2244 'Unde
1650 2208 1900 2242 reversus

167 2287 370 2343 bellum
411 2311 537 2343 cum
576 2288 943 2364 Elymaeorum
982 2310 1109 2365 rege
1150 2291 1309 2364 gessit
1349 2311 1359 2343 :
1395 2310 1504 2363 quo
1540 2290 1682 2341 victo
1706 2332 1718 2347 ,
1758 2289 1899 2341 hanc

167 2410 385 2463 quoque
418 2401 632 2464 gentem
664 2410 835 2464 regno
868 2390 1091 2464 adjecit,
1128 2390 1530 2464 imperiumque
1563 2389 1897 2442 Parthorum

167 2509 195 2541 a
230 2500 414 2541 monte
449 2491 724 2556 Caucaso,
762 2488 948 2543 multis
983 2489 1200 2564 populis
1237 2489 1291 2542 in
1327 2488 1590 2541 ditionem
1626 2487 1860 2542 redactis
1883 2532 1897 2557 ,

169 2607 337 2661 usque
364 2587 432 2640 ad
464 2587 668 2640 [lumen
702 2590 1039 2663 Euphratem
1072 2587 1318 2663 protulit.
1352 2591 1534 2662 Atque.
1566 2588 1638 2641 ita
1669 2587 1897 2642 adversa

169 2685 479 2740 valetudine
503 2699 811 2762 correptus,
836 2708 945 2741 non
968 2688 1150 2742 minor
1174 2691 1374 2742 Arsace
1400 2707 1631 2762 proavo7
1658 2686 1894 2762 gloriosa

169 2799 447 2841 senectute
478 2786 710 2841 decedit.
