2248 3697
357 293 414 339 40
1093 285 1327 328 JUSTINI

351 388 625 442 Antiocho
657 397 708 440 et
737 383 992 461 Philippo
1034 386 1382 457 denuntient,
1423 408 1594 464 regno
1636 388 1857 462 AEgypti
1902 387 2068 440 absti-

352 497 533 538 neant.
567 485 811 538 Mittitur
841 497 894 538 et
928 487 1005 539 M.
1040 485 1280 560 Lepidus
1319 487 1374 540 in
1411 487 1707 561 AEgyptum
1730 528 1744 552 ,
1787 485 1880 559 qui
1928 496 2072 538 tuto-

350 584 434 636 rio
462 584 682 657 nomine
707 604 937 659 regnum
970 583 1163 661 pupilli
1191 584 1548 638 administret.
1584 588 1732 638 Dum
1765 584 1880 637 haec
1905 604 2074 658 agun-

350 694 467 751 tur,
505 682 723 737 interim
759 681 1056 758 legationes
1087 682 1257 737 Attali
1294 685 1434 760 regis
1478 695 1532 737 et
1575 683 1921 738 Rhodiorum
1943 725 1956 751 ,
1993 684 2068 735 in-

345 782 518 856 jurias
560 783 799 860 Philippi
847 795 1163 859 querenteS,
1211 787 1441 838 Romam
1489 796 1773 838 venerunt„
1807 786 1943 855 Quae
1988 803 2072 836 res

349 901 568 936 omnem
612 882 1018 936 cunctationem
1062 881 1399 935 macedonici
1436 880 1562 935 belli
1610 883 1822 935 senatui
1858 883 2068 935 exemit.

348 981 543 1035 Statim
567 982 759 1056 igitur,
793 979 954 1034 titulo
980 979 1190 1034 ferendi
1217 981 1373 1034 sociis
1400 978 1586 1032 auxilii
1609 1022 1622 1049 ,
1649 978 1853 1033 bellum
1881 980 2073 1033 adver-

350 1101 440 1134 sus
468 1079 786 1156 Philippum
826 1079 1167 1151 decernitur,
1216 1080 1565 1156 legionesque
1598 1101 1720 1133 cum
1758 1079 1983 1135 consule
2020 1082 2073 1133 in

349 1178 732 1234 Macedoniam
777 1181 1088 1234 mittuntur.
1127 1182 1244 1236 Nec
1280 1178 1455 1234 multo
1494 1191 1617 1254 post
1659 1191 1927 1254 tempore,
1957 1192 2073 1233 tota

350 1280 586 1346 Graecia,
621 1277 824 1333 fiducia
854 1282 1262 1346 Romanorum,
1295 1278 1556 1332 adversus
1592 1277 1931 1353 Philippum,
1982 1300 2075 1354 spe

349 1378 593 1453 pristinae
628 1378 896 1434 libertatis
930 1391 1138 1448 erecta,
1172 1377 1376 1432 bellum
1408 1379 1453 1431 ci
1499 1376 1684 1432 intulit
1719 1400 1729 1432 :
1766 1391 1930 1452 atque
1968 1380 2074 1447 ita,

350 1499 522 1553 quum
546 1499 640 1533 rex
672 1478 915 1553 undique
946 1489 1256 1552 urgeretur,
1284 1498 1472 1552 pacem
1499 1489 1681 1551 petere
1709 1477 2072 1553 compellitur.

347 1577 590 1646 Deinde,
641 1598 812 1653 quum
862 1577 1118 1652 expositae
1159 1575 1499 1630 conditiones
1547 1577 1693 1651 pacis
1740 1597 1771 1630 a
1810 1579 2075 1632 Romanis

348 1689 552 1747 essent,
589 1689 833 1753 repetere
876 1697 973 1731 sua
1015 1689 1068 1730 et
1111 1674 1357 1744 Attalus,
1397 1687 1449 1729 et
1497 1675 1723 1742 Rhodii,
1770 1688 1822 1730 et
1871 1676 2076 1741 Achaei,

348 1787 402 1830 et
444 1774 610 1830 AEtoli
655 1796 881 1851 coepere.
925 1779 1133 1831 Contra
1176 1773 1496 1850 PhilipPuS,
1543 1775 1738 1829 adduci
1786 1797 1839 1829 se
1887 1797 2076 1850 posse,

351 1888 412 1930 ut
453 1876 717 1929 Romanis
761 1887 977 1951 pareat,
1028 1874 1395 1941 concedebat3
1448 1887 1727 1928 «ceterum
1787 1875 2072 1951 indignur‘¹

351 1995 494 2044 esse,
532 1977 754 2030 Graecos
788 1995 818 2029 a
851 1973 1109 2049 Philippo
1158 1986 1211 2027 et
1246 1972 1583 2042 Alexandro,
1629 1974 1926 2049 majoribus
1969 1977 2079 2028 suis

350 2076 552 2145 victos,
588 2088 640 2130 et
675 2075 775 2130 sub
807 2076 1005 2151 jugum
1050 2073 1387 2128 macedonici
1422 2074 1637 2149 imperii
1673 2074 1957 2144 subactos,
1991 2096 2080 2127 ve-

352 2173 454 2229 luti
489 2177 755 2245 victores,
792 2174 939 2251 leges
980 2176 1126 2249 pacis
1165 2174 1265 2227 sibi
1316 2174 1525 2242 dicere,
1572 2173 1772 2247 quibus
1820 2175 1973 2248 prius
2009 2175 2077 2228 sit

353 2276 628 2329 servitutis
676 2276 815 2329 ratio
859 2273 1167 2343 reddenda,
1213 2294 1378 2348 quam
1422 2271 1643 2326 libertas
1692 2273 2081 2328 vindicanda.»

354 2373 440 2429 Ad
462 2386 802 2450 postremum
831 2383 1274 2448 tamen,petente
1302 2394 1391 2441 eo,
1414 2371 1645 2426 induciae
1672 2371 1908 2426 duorum
1935 2394 2081 2426 men-

354 2473 492 2528 sium
519 2472 691 2543 datae,
726 2485 786 2527 ut
812 2494 949 2548 pax,
978 2493 1097 2546 quae
1118 2473 1173 2526 in
1193 2471 1515 2526 Macedonia
1551 2493 1660 2525 non
1694 2473 2081 2536 conveniebat,

354 2575 543 2627 Romae
576 2594 605 2626 a
632 2585 820 2626 senatu
847 2584 1137 2647 peteretur.

436 2675 531 2726 IV,
563 2671 769 2726 Eodem
800 2691 946 2725 anno
979 2672 1119 2724 inter
1147 2670 1351 2726 insulas
1383 2672 1619 2726 Theram
1650 2685 1702 2726 et
1737 2672 2081 2739 Therasiam,

360 2773 538 2828 medio
573 2773 855 2847 utriusque
893 2774 1022 2848 ripae
1052 2785 1105 2828 et
1136 2774 1298 2826 maris
1328 2774 1528 2848 spatio,
1565 2785 1718 2826 terrae
1748 2784 1927 2826 motus
1961 2773 2078 2826 fuit.

355 2875 419 2927 In
447 2894 589 2948 quo,
620 2893 745 2927 cum
782 2872 1142 2927 admiratione
1179 2873 1585 2949 navigantium,
1612 2884 1835 2946 repente
1862 2894 1925 2926 ex
1957 2894 2084 2948 pro-

356 2972 528 3027 fundo
550 2994 673 3027 curn
709 2971 895 3027 calidis
931 2973 1086 3047 aquis
1119 2971 1296 3027 insula
1322 2973 1556 3027 emersit.
1599 2975 1664 3024 In
1699 2974 1825 3026 Asia
1861 2995 2084 3048 quoque

357 3072 542 3126 eadem
577 3070 662 3125 die
701 3071 842 3125 idem
874 3084 1055 3125 motus
1094 3084 1249 3125 terrae
1277 3070 1565 3137 Rhodum,
1601 3070 1909 3147 multasque
1951 3072 2081 3127 alias

358 3169 629 3238 civitates,
669 3173 821 3246 gravi
864 3171 1149 3224 ruinarum
1196 3169 1316 3224 labe
1352 3169 1663 3223 concussit:
1694 3171 1954 3244 quasdam
1999 3193 2081 3224 so-

359 3267 492 3324 lidas
539 3271 836 3325 absorbuit.
885 3272 1012 3341 Quo
1053 3269 1305 3345 prodigio
1348 3270 1550 3323 territis
1598 3271 1881 3338 omnibUS,
1935 3282 2081 3323 vates
