2248 3697
558 200 999 243 HISTORIARUM
1034 201 1143 242 LIB.
1181 199 1354 242 XXXI.
1760 204 1781 249 l,
1791 213 1818 255 ς)

95 314 356 358 ventare:
398 322 516 375 quae
555 322 639 354 res
682 300 757 353 illi
799 322 948 376 spem
990 301 1336 354 restituendae
1383 301 1615 355 fortunae
1651 300 1815 355 dedit.

96 403 290 476 Itaque
323 401 500 476 prim,
529 420 695 474 quam
726 401 882 454 sociae
918 400 1163 453 civitates
1189 399 1257 451 ad
1286 400 1466 453 hostes
1493 401 1819 467 deficerent,

96 500 388 554 decernere
419 496 601 553 navali
632 497 824 574 proelio
857 499 1078 569 statuit,
1114 517 1336 571 sperans
1363 496 1568 553 cladem
1596 502 1650 554 in
1676 504 1823 556 Grae-

95 602 176 654 cia
207 610 512 672 acceptam,
547 618 689 652 nova
714 619 871 674 posse
898 598 1126 651 victoria
1158 594 1378 650 aboleri.
1401 598 1625 652 Tradita
1654 601 1823 675 igitur

95 695 352 753 Annibali
386 696 585 764 classe,
622 696 875 773 proelium
914 698 1277 751 committitur
1315 717 1324 748 :
1363 695 1456 749 sed
1493 717 1592 751 nec
1633 700 1822 753 Asiani

95 795 293 850 milites
323 798 614 867 RolnaniS‚
642 818 817 872 neque
844 817 1008 851 naves
1037 817 1225 850 eorum
1259 816 1417 870 pares
1452 797 1700 850 rostratis
1728 818 1824 851 na-

96 897 254 951 vibus
286 896 461 966 fuere3
491 899 673 952 minor
703 910 885 951 tamen
919 896 1095 951 clades
1127 896 1279 950 ducis
1315 894 1533 949 solertia
1565 895 1680 949 suit.
1719 900 1825 951 Ro-

93 1017 236 1050 mam
265 997 515 1051 nondum
537 997 725 1072 opinio
753 997 992 1050 victoriae
1019 1007 1267 1064 venerat,
1294 1007 1345 1049 et
1382 995 1583 1049 idcirco
1612 997 1666 1048 in
1696 1016 1826 1049 con-

94 1095 301 1151 sulibus
338 1095 586 1150 creandis
619 1116 878 1169 suspensa
910 1096 1100 1148 civitas
1127 1107 1258 1148 erat.

173 1197 296 1249 Vll.
357 1194 461 1248 Sed
518 1193 777 1247 adversus
825 1192 1156 1247 Annibalem
1200 1192 1396 1247 ducem
1445 1195 1565 1268 quis
1632 1193 1823 1248 melior

93 1314 258 1368 quam
302 1292 547 1348 Africani
587 1291 756 1346 frater
790 1304 1094 1362 crearetur,
1146 1312 1317 1367 quum
1367 1294 1584 1348 vincere
1630 1296 1826 1348 Poenos

93 1414 230 1470 opus
257 1393 576 1467 Scipionum
609 1390 781 1445 esset?
801 1394 1035 1447 Creatur
1068 1393 1236 1467 igitur
1261 1391 1451 1446 consul
1486 1395 1691 1447 Lucius
1720 1395 1830 1449 Sci-

93 1493 390 1567 piozeique
422 1491 582 1544 datur
607 1489 818 1566 legatus
862 1490 1031 1544 frater
1062 1490 1375 1560 Africanus⁷
1414 1504 1473 1545 ut
1504 1491 1830 1568 intelligeret

92 1591 396 1647 Antiochus
415 1634 428 1659 ⁷
465 1612 573 1644 non
626 1591 886 1664 majorem
912 1588 1168 1643 fiduciam
1199 1610 1253 1644 se
1280 1592 1334 1643 in
1360 1591 1631 1646 Annibale
1658 1594 1826 1662 victo,

94 1712 257 1765 quam
289 1694 566 1744 Romanos
604 1689 659 1741 in
694 1689 900 1742 victore
934 1688 1192 1763 Scipione
1232 1689 1446 1743 habere.
1484 1691 1828 1766 Trajicienti-

91 1790 192 1844 bus
219 1791 273 1843 in
298 1790 481 1845 Asiam
529 1788 874 1863 Scipionibus
901 1787 1200 1841 exercitum
1221 1830 1234 1858 ⁷
1255 1789 1368 1862 jam
1396 1789 1686 1864 utrobique
1703 1813 1828 1866 pro-

92 1889 339 1964 fligatum
399 1885 601 1941 bellum
640 1888 954 1941 nuntiatum
996 1899 1102 1957 est;
1141 1887 1453 1962 victumque
1490 1890 1824 1945 Antiochum

93 1990 371 2058 terrestri,
422 1986 739 2043 Annibalem
814 1986 991 2041 navali
1045 1985 1186 2041 bello
1244 1988 1588 2043 invenerunt.
1640 1991 1824 2046 Primo

93 2090 257 2163 igitur
304 2088 541 2142 adventu
587 2109 777 2142 eorum
830 2085 1035 2163 legatos
1101 2107 1288 2162 pacem
1334 2100 1578 2162 petentes
1624 2090 1691 2143 ad
1735 2112 1826 2145 eos

91 2188 392 2242 Antiochus
430 2189 621 2256 mittit,
651 2186 922 2264 peculiare
954 2187 1161 2241 donum
1198 2188 1455 2243 Africano
1482 2188 1715 2245 ferentes
1750 2192 1826 2267 ip-

92 2287 202 2341 sius
234 2286 440 2357 filium,
472 2309 633 2361 quem
671 2309 766 2341 rex
802 2309 972 2363 parvo
1028 2289 1245 2363 navigio
1278 2288 1635 2363 trajicientem
1669 2311 1822 2367 cepe·

89 2399 187 2441 rat.
228 2387 332 2441 Sed
365 2387 680 2455 Africanus,
716 2388 974 2461 «privata
1010 2387 1271 2442 beneficia
1311 2409 1338 2441 a
1386 2389 1547 2443 rebus
1587 2389 1821 2466 publicis

89 2497 290 2539 secreta
322 2506 459 2555 esse,
497 2485 632 2539 dixit
665 2507 675 2539 :
725 2485 938 2560 aliaque
972 2507 1085 2540 esse
1126 2488 1295 2561 patris
1336 2486 1513 2542 officia
1534 2531 1548 2559 ⁷
1581 2488 1684 2544 alia
1727 2512 1822 2566 pa-

89 2587 203 2639 triae
230 2586 354 2660 jura
372 2607 491 2660 quae
525 2607 635 2640 non
670 2584 849 2639 liberis
880 2597 1332 2655 tantum7veru1n
1365 2589 1526 2641 etiam
1564 2590 1685 2643 vitae
1719 2591 1820 2666 ipsi

88 2697 495 2759 praeponantur.
534 2685 772 2739 Proinde
804 2697 1023 2760 gratum
1060 2707 1116 2739 se
1156 2707 1356 2740 munus
1390 2689 1670 2764 accipere,
1706 2692 1818 2766 pri-

91 2797 323 2860 vatoque
343 2785 621 2860 impendio
642 2785 1030 2840 munificentiae
1054 2787 1195 2861 regis
1216 2808 1627 2862 responsurum.
1650 2792 1815 2862 Quod

91 2883 158 2937 ad
187 2882 391 2938 bellum
415 2905 716 2959 pacemque
743 2886 1045 2959 pertineat,
1081 2884 1217 2938 nihil
1244 2907 1422 2961 neque
1456 2890 1641 2963 gratiae
1674 2890 1817 2961 dari,

92 3003 264 3056 neque
305 2983 370 3036 de
413 2984 535 3058 jure
580 2984 765 3059 patriae
816 2983 989 3037 decidi
1041 3006 1268 3060 posse‚»
1323 2988 1620 3062 respondit.
1675 2991 1817 3047 Nam

91 3102 266 3155 neque
308 3081 372 3134 de
414 3083 730 3138 redimendo
772 3083 883 3137 filio
922 3105 1163 3158 unquam
1206 3088 1486 3153 tractavit,
1527 3109 1625 3142 nec
1673 3110 1819 3144 sena-

91 3194 207 3234 tum
243 3180 308 3234 dc
352 3203 414 3234 eo
456 3203 613 3256 agere
656 3185 926 3258 permisit3
976 3184 1099 3255 sed,
1151 3198 1209 3238 ut
1260 3186 1484 3261 dignum
1536 3184 1815 3263 majestate

333 3301 387 3334 Η.
1540 3290 1573 3349 [²
