2248 3697
341 269 368 294 o
1044 243 1070 285 J
1073 243 1281 288 USTINI

305 369 336 423 &Q
311 268 333 308 q

342 368 465 418 era,
500 346 719 401 nomine
755 346 1044 402 Hierichus
1086 347 1301 403 dicitur.
1346 350 1410 402 In
1450 369 1511 402 ea
1551 348 1690 403 valle
1728 347 1875 424 sylva
1909 362 2019 418 est,

303 458 358 500 et
387 447 634 500 ubertate
666 457 721 499 et
756 447 1067 503 amoenitate
1100 447 1354 524 insigni53
1392 447 1659 523 siquidem
1695 447 1934 524 palmeto
1970 462 2023 503 et

304 542 711 621 opobalsameto
744 545 1114 623 distinguitur.
1149 548 1386 603 Arbores
1422 547 1761 625 opobalsami
1791 546 2022 602 formam

303 642 530 699 similem
554 645 720 719 piceis
748 646 1035 700 arboribus
1064 646 1294 717 habent,
1324 647 1428 701 nisi
1456 647 1605 722 quod
1635 659 1763 702 sunt
1787 645 2023 701 humiles

303 743 499 820 magis,
529 756 583 799 et
606 745 662 799 in
685 746 967 800 vinearum
991 765 1197 800 morem
1225 744 1563 801 excoluntur.
1594 750 1690 801 Hae
1719 759 1868 801 certo
1893 744 2019 800 anni

305 855 548 919 tempore
598 843 902 899 balsamum
951 844 1165 899 sudant.
1214 845 1318 899 Sed
1367 867 1478 900 non
1527 847 1705 900 minor
1755 844 1860 900 loci
1911 846 2025 921 ejus

302 945 627 1020 apricitatiS,
661 966 823 1019 quam
855 945 1139 1015 ubertatiS,
1169 944 1458 1017 admiratio
1487 957 1592 1013 est3
1623 946 1827 1021 quippe
1854 967 2025 1020 quum

305 1055 421 1098 toto
457 1045 588 1099 orbe
622 1044 860 1120 regionis
898 1045 1013 1119 ejus
1051 1043 1461 1099 ardentissimus
1501 1043 1580 1098 sol
1616 1044 1715 1114 sit,
1751 1044 1826 1098 ibi
1860 1045 2026 1120 tepidi

305 1144 441 1198 aeris
467 1142 739 1221 naturalis>
761 1142 1007 1218 quaedam
1034 1163 1095 1197 ac
1124 1157 1390 1219 perpetua
1416 1146 1670 1219 apricitas
1695 1144 1849 1198 inest.
1876 1147 1941 1199 In
1966 1165 2028 1200 ea

305 1244 526 1319 regione
555 1240 704 1296 lacus
731 1254 810 1296 est
834 1240 1194 1318 AsphaltiteS,
1221 1244 1316 1318 qui
1337 1255 1562 1319 propter
1590 1243 2027 1319 magnitudinem

306 1354 358 1395 et
399 1361 551 1416 aquae
590 1339 1061 1410 immobilitatem,
1102 1344 1391 1396 Mortuum
1435 1362 1583 1395 mare
1630 1341 1843 1396 dicitur.
1885 1344 2029 1398 Nam

307 1460 484 1514 neque
524 1440 699 1493 ventis
740 1451 1019 1506 movetur,
1060 1441 1341 1494 resistente
1384 1441 1693 1494 turbinibus
1727 1441 2029 1508 bitumine,

307 1558 415 1611 quo
453 1558 592 1612 aqua
631 1538 808 1592 omnis
847 1550 1162 1612 stagnatur,
1203 1559 1379 1614 neque
1416 1539 1778 1615 navigationis
1817 1541 2031 1614 patiens

307 1649 413 1706 est,
457 1638 717 1711 quoniam
756 1638 939 1692 omnia
978 1639 1087 1692 vita
1132 1639 1373 1692 carentia
1413 1640 1469 1691 in
1512 1639 1849 1713 profundum
1888 1660 2030 1694 mer-

308 1750 540 1814 guntur3
571 1759 671 1792 nec
702 1740 987 1793 materiam
1020 1738 1186 1792 ullam
1218 1741 1473 1810 sustinet,
1508 1741 1610 1795 nisi
1641 1762 1760 1815 quae
1792 1740 2032 1796 alumine

310 1835 573 1891 illinatur.
610 1839 858 1892 Primum
901 1840 1143 1910 Xerxes,
1186 1859 1280 1893 rex
1321 1842 1643 1910 Persarum,
1684 1840 1896 1895 Judaeos
1937 1840 2033 1894 do-

310 1939 450 1991 muit
492 1960 502 1990 2
548 1950 735 2012 postea
781 1958 907 1992 cum
947 1939 1076 2013 ipsis
1119 1941 1296 1993 Persis
1342 1940 1399 1993 in
1441 1938 1702 1995 ditionem
1740 1939 2035 1996 Alexandri

310 2038 498 2112 Magni
537 2057 758 2107 venere,
802 2038 1005 2112 diuque
1049 2039 1105 2092 in
1144 2052 1412 2115 potestate
1447 2039 1783 2094 macedonici
1821 2040 2035 2115 imperii

313 2136 541 2211 subjecti
574 2138 740 2211 Syriae
769 2158 939 2213 regno
971 2137 1139 2192 fuere.
1174 2144 1220 2195 A
1252 2141 1540 2195 Demetrio
1571 2160 1743 2214 quum
1780 2139 2037 2193 descivis-

314 2247 462 2305 sent,
508 2237 746 2291 amicitia
796 2240 1175 2293 Romanorum
1208 2241 1404 2315 petita,
1455 2240 1619 2314 primi
1672 2240 1923 2293 omnium
1971 2259 2031 2291 ex

315 2334 687 2390 Orientalibus
717 2335 1023 2392 libertatem
1054 2350 1402 2413 receperunt,
1434 2337 1588 2392 facile
1613 2351 1746 2392 tunc
1773 2339 2037 2393 Romanis

317 2433 381 2488 de
410 2432 589 2489 alieno
621 2434 990 2510 largientibus,

395 2535 489 2587 IV.
535 2538 637 2589 Per
667 2535 855 2591 eadem
884 2548 1133 2613 tempora
1161 2539 1358 2612 quibus
1392 2540 1446 2592 in
1484 2540 1638 2614 Syria
1670 2538 1826 2613 regni
1859 2549 2038 2591 muta-

319 2634 395 2686 tio
431 2634 572 2687 inter
604 2655 774 2689 novos
812 2657 961 2713 reges
999 2636 1394 2707 alternabatur,
1433 2640 1489 2692 in
1528 2639 1655 2694 Asia
1692 2659 1787 2692 rex
1822 2635 2037 2692 Attalus

320 2732 762 2789 florentissimum
805 2735 871 2788 ab
912 2739 1159 2791 Eumene
1196 2749 1394 2812 patruo
1442 2750 1729 2813 acceptum
1776 2757 2037 2812 regnum,

323 2832 555 2888 caedibus
588 2835 918 2906 amicorum,
955 2849 1007 2891 et
1043 2849 1402 2912 cognatorum
1448 2835 1728 2911 suppliciis
1772 2835 2039 2905 foedabat,

324 2952 470 2986 nunc
502 2946 730 2988 matrem
761 2956 950 3007 anum,
980 2957 1127 2991 nunc
1157 2938 1451 2991 Berenicen
1482 2955 1733 3010 sponsam
1763 2935 2039 2991 maleficiis

325 3048 510 3084 eorum
540 3045 755 3088 necatas
783 3035 1113 3111 confingens.
1142 3039 1272 3090 Post
1296 3035 1437 3090 hanc
1464 3033 1743 3088 scelestam
1769 3034 2039 3090 violentiae

331 3130 557 3201 rabiem,
597 3133 897 3207 squalidam
934 3147 1134 3189 vestem
1177 3136 1373 3201 sumit,
1411 3134 1636 3188 barbam
1674 3133 2038 3210 capillumque

330 3231 381 3285 in
418 3230 640 3286 modum
671 3254 888 3287 reorum
921 3234 1220 3300 submittit;
1252 3254 1360 3286 non
1394 3235 1448 3286 in
1481 3232 1759 3310 publicum
1794 3233 2028 3309 prodire,
