2315 3868
430 368 446 394 1
457 349 516 396 06
1165 351 1188 392 J
1199 350 1308 394 UST
1312 351 1374 393 ΙΝ
1380 351 1399 392 Ι

422 452 788 529 cognominati
822 465 975 522 sunt,
1007 454 1346 528 comparavit
1377 474 1388 506 :
1421 473 1581 527 quem
1613 473 1783 526 quum
1812 455 2022 528 magnis
2055 475 2136 509 re-

420 552 517 605 bus
557 552 751 626 gestiS,
787 549 1114 606 incolumem
1154 551 1492 622 reduxisset,
1528 573 1715 607 rursus
1753 572 1782 605 a
1816 551 1972 606 Peliae
2010 551 2134 609 filiis

418 648 689 704 Thessalia
728 649 948 725 pulsus,
988 672 1186 727 magna
1235 651 1285 703 vi
1332 672 1456 705 cum
1502 651 1709 726 ingenti
1755 649 2133 719 multitudine,

419 768 535 822 quae
565 747 633 802 ad
664 749 862 803 famam
896 751 1110 804 virtutis
1142 750 1255 823 ejus
1289 771 1350 804 ex
1384 750 1636 804 omnibus
1672 749 1922 825 gentibus
1954 751 2134 824 quoti-

418 846 502 900 die
533 847 865 917 confluebat,
900 849 1098 902 comite
1132 847 1326 902 Medea
1366 868 1559 917 uxore,
1594 868 1758 922 quam
1796 847 2131 923 repudiatam

417 945 758 1000 miseratione
785 945 958 1000 exsilii
988 966 1207 1000 rursum
1237 957 1541 1019 receperat,
1573 958 1623 999 et
1652 946 1817 999 Medo
1847 948 2101 1022 privigno
2119 990 2132 1016 ,

415 1044 480 1097 ab
513 1046 680 1120 AEgeo
711 1065 836 1120 rege
866 1045 1282 1100 Atheniensium
1320 1045 1536 1120 genito,
1574 1042 1812 1098 Colchos
1849 1046 2134 1120 repetivit,

415 1163 771 1217 socerumque
804 1145 966 1197 etiam
1000 1163 1168 1219 regno
1201 1141 1420 1218 pulsum
1454 1143 1706 1196 restituit.

491 1243 590 1296 ΠΙ.
635 1244 837 1317 Magna
869 1241 1064 1297 deinde
1094 1240 1235 1296 bella
1266 1261 1390 1296 cum
1422 1241 1669 1295 finitimis
1703 1243 1888 1317 gessit3
1921 1254 2133 1317 captas-

414 1362 516 1415 que
538 1343 780 1396 civitates
802 1342 1004 1416 partim
1031 1362 1199 1416 regno
1225 1341 1420 1406 soceri,
1446 1340 1515 1394 ad
1539 1340 1865 1395 abolendam
1892 1342 2131 1416 superio-

411 1440 485 1493 ris
514 1438 717 1493 militiae
748 1440 1029 1514 injuriam,
1061 1460 1166 1513 qua
1197 1452 1251 1492 et
1279 1438 1445 1492 filiam
1476 1440 1590 1513 ejus
1621 1439 1871 1493 Medeam
1902 1439 2137 1493 abduxe-

413 1551 527 1607 rat,
565 1552 617 1592 et
657 1538 828 1592 filium
863 1538 1164 1612 AEgialeum
1206 1537 1580 1605 interfecerat,
1619 1537 1901 1611 adjunxit3
1934 1538 2134 1611 partim

412 1636 651 1711 populis,
689 1658 825 1712 quos
865 1657 1048 1691 secum
1081 1635 1406 1705 adduxerat,
1443 1636 1737 1711 assignavit
1772 1657 1782 1689 z
1818 1637 2136 1711 primusque

411 1735 778 1791 humanorum
805 1749 928 1812 post
945 1734 1236 1790 Herculem
1261 1748 1315 1788 et
1333 1736 1621 1805 Liberum,
1649 1736 1741 1809 qui
1762 1755 1913 1811 reges
1942 1736 2135 1789 Orien-

411 1836 476 1888 tis
508 1834 669 1889 fuisse
704 1835 1022 1904 traduntur,
1058 1855 1175 1888 eam
1209 1833 1330 1888 coeli
1359 1833 1576 1909 plagam
1609 1834 1882 1887 domuisse
1916 1834 2132 1889 dicitur.

409 1933 628 2009 Populis
677 1934 1004 2009 quibusdam
1051 1937 1253 1988 Recam
1301 1946 1354 1987 et
1400 1933 1872 2008 Amphistratum,
1919 1934 2135 2008 aurigas

410 2035 647 2089 Castoris
700 2046 751 2087 et
802 2033 1070 2103 Pollucis,
1125 2033 1289 2087 duces
1346 2034 1656 2108 assignavit.
1715 2035 1858 2086 Cum
1909 2031 2135 2088 Albanis

409 2133 580 2188 foedus
629 2134 894 2208 percussit
941 2155 951 2187 ε
1001 2134 1095 2207 qui
1144 2132 1434 2187 Herculem
1484 2153 1547 2186 ex
1598 2131 1754 2186 Italia
1809 2133 1875 2185 ab
1921 2131 2135 2187 Albano

408 2245 617 2309 monte,
651 2254 846 2306 quum,
884 2235 1140 2307 Geryone
1169 2233 1459 2295 exstincto,
1491 2243 1736 2284 armenta
1764 2231 1877 2305 ejus
1909 2252 2003 2305 per
2031 2233 2135 2285 Ita-

407 2330 533 2385 liam
564 2332 809 2400 duceret,
850 2333 1019 2386 secuti
1059 2331 1343 2398 dicuntur,
1383 2331 1585 2404 quique
1625 2350 1889 2383 memores
1928 2328 2129 2383 Italicae

407 2432 660 2506 originis,
696 2433 996 2485 exercitum
1031 2434 1132 2486 Cn.
1168 2431 1415 2504 Pompeii
1447 2427 1591 2483 hello
1620 2429 1999 2483 Mithridatico
2033 2429 2134 2482 fra-

409 2541 514 2584 tres
562 2529 878 2585 salutavere.
926 2533 1115 2605 Itaque
1162 2530 1346 2585 Jasoni
1394 2540 1540 2582 totus
1586 2528 1754 2582 ferme
1798 2529 2025 2597 OrienS,
2075 2540 2134 2581 ut

408 2629 712 2700 conditori,
756 2630 966 2684 divinos
1008 2630 1245 2684 honores
1286 2628 1595 2704 templaque
1638 2628 1921 2682 constituit
1962 2648 1971 2679 ε
2014 2647 2133 2700 quae

407 2730 768 2797 Parmenion,
809 2728 921 2783 dux
961 2728 1256 2783 Alexandri
1296 2730 1520 2804 Magni,
1561 2739 1684 2802 post
1720 2725 1922 2779 multos
1958 2746 2131 2778 annos

407 2827 550 2882 dirui
571 2830 757 2904 jussit,
785 2851 851 2883 ne
877 2828 1160 2904 cujusdam
1187 2850 1384 2882 nomen
1412 2831 1466 2881 in
1493 2829 1719 2882 Oriente
1742 2824 2130 2891 venerabilius,

407 2948 570 3001 quam
616 2928 940 2992 Alexandri,
988 2941 1140 2982 esset.
1186 2930 1315 2982 Post
1364 2940 1597 2981 mortem
1645 2926 1855 2978 Jasonis
1901 2924 2130 2993 Medus,

408 3025 633 3080 aemulus
664 3028 880 3081 virtutis
909 3028 1049 3101 ejus,
1075 3030 1129 3080 in
1159 3028 1425 3081 honorem
1451 3026 1636 3079 matris
1661 3024 1911 3078 Medeam
1938 3024 2129 3078 urbem

408 3126 683 3194 condidit,
723 3147 1065 3201 regnumque
1104 3147 1168 3180 ex
1210 3127 1430 3180 nomine
1471 3145 1568 3179 suo
1604 3124 1894 3179 Medorum
1929 3125 2131 3178 consti-

413 3226 538 3294 tuit,
572 3226 669 3279 sub
701 3227 854 3299 cujus
886 3227 1166 3300 majestate
1197 3226 1437 3281 Orientis
1469 3236 1653 3299 postea
1685 3226 1973 3300 imperium
2008 3224 2125 3277 fuit.

412 3322 630 3377 Albanis
666 3326 851 3377 vicina>
893 3327 1185 3380 Amazones
1227 3337 1353 3379 suut
1388 3346 1397 3376 .·
1440 3345 1667 3396 (piarum
1714 3326 1953 3399 reginam
1985 3323 2127 3375 Tha*
