2248 3697
445 218 683 262 JUSTINI
722 217 1165 261 HISTORIARUM
1204 222 1317 263 LIB.
1350 222 1504 267 XXV.
1764 238 1814 277 ¹7

99 320 389 374 termisisse
424 342 434 374 ε
475 341 698 394 prorsus
734 321 885 394 quasi
923 319 1050 373 ferri
1090 321 1290 375 auxilio
1329 345 1437 377 non
1477 324 1818 400 indigerent,

97 420 356 491 quoniam
390 419 735 473 abundarent
769 439 969 472 auro.»

174 520 243 571 ΙΙ.
281 521 395 571 Hac
425 516 691 572 relatione
717 517 887 571 avidae
920 518 1095 592 gentis
1126 519 1293 572 animi
1324 523 1451 574 satis
1482 523 1549 576 ad
1579 525 1815 598 praedam

94 616 477 670 incitabantur.
511 616 819 671 Accedebat
847 628 1030 670 tamen
1062 629 1114 670 et
1146 617 1458 695 exemplum
1490 620 1692 697 Belgii‚
1721 627 1815 700 qui

91 736 201 769 non
231 735 432 790 magno
469 728 595 769 ante
637 727 885 790 tempore
929 715 1297 771 Macedonum
1345 721 1642 775 exercitum
1691 745 1816 779 cum

89 835 214 890 rege
266 814 648 869 trucidaverat.
701 817 894 890 Itaque
916 858 929 881 ,
989 818 1460 874 consentientibus
1523 823 1778 878 omnibus
1802 868 1815 894 ,

90 926 248 968 nocte
293 927 470 968 castra
514 915 656 990 regis
704 914 1145 990 aggrediuntur:
1183 918 1277 992 qui
1313 920 1665 994 praesentiens
1699 933 1818 976 tan-

88 1024 199 1067 tam
235 1026 648 1090 tempestatem,
684 1015 902 1090 signum
940 1015 1116 1090 pridie
1151 1015 1399 1087 dederat,
1433 1031 1518 1086 ut,
1556 1022 1812 1076 omnibus

85 1114 248 1169 rebus
285 1113 510 1183 ablatis,
560 1115 615 1167 in
666 1115 915 1189 proxima
966 1112 1116 1189 sylva
1159 1117 1311 1170 taciti
1354 1137 1409 1172 se
1455 1118 1812 1176 occultarent.

83 1215 277 1288 Neque
309 1212 467 1267 aliter
506 1223 717 1267 servata
755 1225 958 1284 castra,
999 1234 1162 1289 quam
1205 1215 1354 1290 quod
1392 1216 1604 1272 deserta
1639 1232 1766 1274 sunt
1802 1244 1812 1274 :

81 1310 350 1387 siquidem
382 1310 567 1382 Galli,
600 1312 694 1366 ubi
739 1314 925 1368 omnia
957 1315 1239 1384 vacantia,
1288 1337 1389 1371 nec
1422 1317 1539 1372 sine
1571 1318 1813 1375 defenso-

79 1411 230 1466 ribus
260 1411 458 1482 mod0,
491 1433 684 1467 verum
726 1414 892 1467 etiam
934 1413 1050 1467 sine
1084 1414 1403 1470 custodibus
1442 1417 1632 1472 vident
1654 1461 1668 1488 ,
1701 1440 1809 1473 non

79 1509 265 1586 fugam
293 1511 562 1582 hostium,
593 1510 686 1567 sed
716 1511 903 1567 dolum
938 1513 1300 1586 arbitrantes,
1326 1515 1419 1570 diu
1452 1517 1656 1572 intrare
1690 1539 1812 1594 por-

81 1622 159 1663 tas
194 1611 514 1665 timuerunt.
541 1611 629 1666 Ad
656 1624 996 1687 postremum
1031 1613 1258 1689 integris
1290 1625 1342 1668 et
1382 1616 1603 1670 intactis
1630 1619 1808 1672 muni-

78 1712 299 1781 mentiS,
330 1723 633 1766 scrutantes
667 1713 880 1787 potiUS,
920 1733 1084 1787 quam
1122 1712 1470 1788 diripienteS,
1504 1727 1679 1770 castra
1717 1738 1808 1772 oc-

77 1824 434 1886 cupaverunt.
459 1814 618 1866 Tunc
653 1810 876 1883 ablatiS,
902 1832 1022 1888 quae
1052 1813 1404 1885 invenerant,
1439 1815 1507 1868 ad
1527 1814 1652 1870 litus
1678 1838 1806 1871 con-

75 1922 383 1965 vertuntur.
427 1912 511 1965 Ibi
549 1911 681 1966 dum
724 1933 888 1967 naves
927 1913 1201 1967 incautius
1235 1913 1532 1989 diripiunt,
1578 1937 1609 1970 a
1644 1919 1805 1971 remi-

75 2010 233 2085 gibus
261 2022 314 2065 et
349 2011 416 2065 ab
453 2013 719 2066 exercitus
758 2024 943 2087 parte,
985 2033 1105 2088 quae
1135 2034 1198 2067 eo
1233 2035 1358 2068 cum
1389 2016 1714 2092 conjugibus
1750 2030 1803 2072 et

75 2109 258 2165 liberis
305 2111 694 2188 confugerant,
740 2110 876 2166 nihil
924 2111 1028 2166 tale
1070 2126 1377 2168 metuentes
1414 2115 1797 2172 trucidantur:

77 2220 332 2285 tantaque
364 2210 530 2265 caedes
563 2209 854 2268 Gallorum
888 2212 1017 2283 fuit,
1051 2225 1114 2267 ut
1145 2214 1424 2289 Antigono
1456 2235 1645 2289 pacem
1688 2219 1801 2292 opi-

74 2309 164 2362 nio
196 2308 362 2383 hujus
409 2311 684 2382 victoriae,
715 2332 827 2365 non
861 2333 892 2366 a
922 2311 1096 2367 Gallis
1131 2324 1369 2383 tanturn,
1404 2334 1596 2368 verum
1633 2316 1794 2370 etiam

70 2431 99 2463 a
125 2409 487 2463 finitimorum
511 2409 752 2481 feritate,
779 2411 1108 2486 praestiterit.
1142 2413 1475 2488 Quanquam
1505 2412 1795 2469 Gallorum

69 2530 131 2563 ea
156 2521 478 2585 tempestate
502 2521 664 2565 tantae
680 2510 1049 2566 foecunditatis
1067 2512 1328 2586 juventus
1357 2512 1489 2582 fuit,
1520 2525 1583 2567 ut
1607 2515 1791 2570 Asiam

68 2630 315 2677 omnem,
350 2607 502 2663 velut
534 2610 781 2663 examine
816 2608 1033 2685 aliquO,
1077 2610 1382 2685 implerent.
1416 2614 1668 2688 Denique
1705 2635 1798 2669 ne-

67 2729 172 2783 que
209 2730 360 2785 reges
397 2709 642 2763 Orientis
677 2709 792 2762 sine
839 2711 1179 2764 mercenario
1222 2709 1511 2765 Gallorum
1550 2715 1788 2768 exercitu

66 2807 177 2862 ulla
206 2807 350 2862 bella
383 2820 694 2884 gesserunt3
732 2828 907 2882 neque
943 2807 1087 2883 pulsi
1120 2830 1290 2884 regno
1323 2810 1390 2864 ad
1421 2809 1590 2879 alios,
1621 2833 1784 2887 quam

64 2906 132 2960 ad
167 2905 381 2977 Gallos,
418 2907 800 2982 confugerunt.
846 2909 1055 2961 Tantus
1088 2918 1264 2962 terror
1298 2907 1478 2983 gallici
1515 2913 1784 2982 nominiS,

63 3018 116 3059 et
150 3026 426 3060 armorum
458 3007 662 3060 invicta
688 3005 913 3060 felicitas
942 3018 1087 3071 erat,
1120 3018 1182 3059 ut
1201 3004 1358 3061 aliter
1383 3029 1561 3084 neque
1588 3013 1780 3086 majes-

60 3118 227 3160 tatem
269 3126 421 3159 suam
456 3107 646 3173 tutari,
684 3128 860 3183 neque
894 3109 1146 3162 amissam
1180 3107 1484 3183 reciperare
1528 3130 1583 3163 se
1628 3131 1782 3185 posse

60 3208 173 3261 sine
222 3204 413 3281 gallica
452 3207 654 3261 virtute
689 3208 1108 3264 arbitrarentur.
1139 3206 1333 3278 Itaque
1369 3209 1420 3261 in
1458 3208 1716 3263 auxilium
1751 3232 1778 3264 a

300 3322 358 3358 Ji.
1506 3330 1534 3361 2
