2315 3868
364 327 440 343 ”w
461 324 513 339 xlx
519 323 667 339 {KQ-1¹⁸
672 323 744 336 υἱτὶ
750 323 1057 340 ΙΜΜΝΝᾺ
1062 325 1620 343 mmmmm&
1626 325 1679 340 W!-
1686 327 1715 340 υἱ
1725 326 1836 341 mm
1842 327 1875 339 ν’»
1881 328 1912 341 υἱ
1919 326 2075 343 ᾸΣὫΒΊΛΙΨ

888 631 1230 703 LIBER
1287 634 1538 702 XLII.

361 1235 403 1287 I.
451 1190 608 1293 EST
652 1256 839 1290 necem
890 1237 1261 1310 Mithridatis,
1310 1239 1645 1293 Parthorum
1692 1238 1870 1314 regiS,
1917 1236 2088 1291 Phra-

361 1331 538 1402 hates,
567 1333 711 1389 filius
736 1336 877 1410 erS,
903 1357 994 1390 rex
1022 1338 1378 1392 constituitur
1397 1338 1519 1411 :qui
1551 1358 1721 1411 quum
1753 1336 1954 1391 inferre
1981 1333 2093 1389 bel-

363 1429 512 1503 lum,
555 1434 608 1486 in
648 1434 911 1490 ultionem
953 1438 1146 1490 tentati
1191 1437 1258 1491 ab
1303 1437 1579 1492 Antiocho
1619 1436 1862 1490 Parthici
1906 1436 2093 1509 regni,

364 1532 530 1606 Syriae
564 1535 863 1603 statuisset,
895 1536 1223 1609 Scytharum
1254 1535 1496 1589 motibus
1531 1533 1599 1588 ad
1631 1554 1726 1587 sua
1758 1532 2097 1587 defendenda

363 1643 667 1685 revocatur.
703 1633 956 1708 Namque
992 1634 1204 1709 Scythae
1237 1635 1293 1688 in
1328 1632 1596 1688 auxilium
1631 1633 1963 1687 Parthorum
1999 1631 2095 1685 ad-

364 1750 550 1785 versus
594 1732 965 1802 Antiochum,
1011 1735 1178 1808 Syriae
1228 1755 1446 1809 regem,
1493 1733 1742 1787 mercede
1787 1730 2096 1800 sollicitati,

366 1849 560 1903 quum,
594 1830 842 1885 confecto
869 1832 982 1906 jam
1015 1831 1182 1903 bello,
1217 1834 1681 1908 supervenissent,
1715 1844 1792 1900 et,
1826 1830 2099 1885 calumnia

366 1928 576 1983 tardius
607 1929 701 1984 lati
730 1929 942 2002 auxilii,
973 1931 1220 1986 mercede
1250 1932 1665 2000 fraudarentur,
1698 1930 1942 1985 dolentes
1977 1942 2095 1984 tan-

368 2039 488 2082 tum
521 2029 584 2083 iis
619 2030 827 2084 itineris
863 2029 1066 2085 frustra
1100 2052 1409 2101 emensum,
1444 2052 1615 2106 quum
1648 2029 1731 2084 vel
1771 2029 2098 2105 stipendium

366 2147 468 2201 pro
515 2131 831 2200 vexatione,
877 2128 962 2183 vel
1011 2129 1180 2185 alium
1224 2131 1439 2186 hostem
1488 2130 1605 2184 dari
1643 2131 1743 2184 sihi
1785 2141 2099 2204 poscerent,

367 2228 603 2303 superbo
642 2249 905 2305 responso
939 2229 1169 2299 offensi,
1206 2229 1340 2284 fines
1379 2230 1712 2283 Parthorum
1748 2242 1959 2282 vastare
1992 2249 2099 2282 coe-

368 2339 585 2402 perunt.
613 2329 795 2404 Igitur
821 2329 1149 2400 Phrahates,
1178 2350 1349 2404 quum
1379 2327 1637 2382 adversus
1667 2348 1757 2381 eos
1785 2326 2100 2402 proficisce—

368 2438 551 2496 retur,
591 2426 659 2481 ad
705 2426 934 2482 tutelam
981 2430 1135 2504 regni
1184 2427 1403 2503 reliquit
1451 2428 1737 2482 Himerum
1778 2427 2102 2502 quemdam,

370 2526 616 2600 pueritiae
657 2527 759 2581 sibi
798 2526 932 2581 flore
975 2527 1327 2581 conciliatum
1369 2548 1379 2581 :
1415 2529 1509 2602 qui
1549 2528 1832 2602 tyrannica
1870 2525 2105 2580 crudeli-

372 2637 508 2694 tate,
540 2624 741 2680 oblitus
775 2639 828 2680 et
854 2627 977 2680 vitae
1002 2627 1315 2702 praeteritae,
1349 2639 1402 2680 et
1433 2626 1621 2680 vicarii
1652 2625 1842 2695 officii,
1877 2624 2107 2701 Babylo-

373 2725 519 2796 nios,
553 2724 860 2800 multasque
901 2725 1031 2780 alias
1071 2727 1316 2780 civitates
1356 2727 1674 2801 importune
1710 2726 1941 2778 vexavit.
1983 2727 2105 2800 Ipse

373 2837 557 2880 autem
584 2826 886 2880 Phrahates
919 2827 1220 2880 exercitum
1252 2830 1600 2890 Graecorum,
1629 2845 1791 2900 quem
1823 2822 1965 2878 bello
1996 2832 2106 2879 An-

373 2926 542 2980 tiochi
574 2937 800 3001 captum
829 2926 1061 3001 superbe
1092 2925 1496 3001 crudeliterque
1528 2936 1881 2992 tractaverat,
1914 2925 1968 2977 in
1998 2922 2108 2977 bel-

372 3023 488 3078 lum
509 3046 695 3079 secum
719 3025 894 3096 ducit3
919 3026 1207 3080 immemor
1230 3047 1477 3101 prorsus,
1503 3024 1648 3100 quod
1671 3022 1892 3077 hostiles
1915 3045 2105 3078 eorum

375 3125 584 3179 animos
623 3145 721 3179 nec
759 3126 1044 3199 captivitas
1080 3127 1383 3196 minuerat,
1424 3138 1478 3179 et
1516 3127 1739 3198 insuper
1779 3124 2106 3198 injuriarum

373 3221 667 3297 indignitas
703 3225 1135 3279 exacerbaverat.
1171 3228 1364 3301 Itaque
1404 3245 1575 3299 quum
1619 3222 1938 3277 inclinatam
1972 3225 2105 3277 Par-

380 3321 601 3376 thorum
630 3325 802 3378 aciem
836 3325 1125 3395 vidissent,
1157 3346 1307 3379 arma
1346 3325 1411 3378 ad
1452 3325 1631 3378 hostes
1666 3322 2023 3392 transtulere,
2055 3332 2106 3375 et
