2248 3697
324 237 348 278 3
358 254 383 280 2
1076 235 1101 276 J
1104 232 1314 276 USTINI

325 363 437 395 non
486 339 664 395 solum
703 339 1029 410 defenderit,
1076 360 1266 394 verum
1305 339 1469 392 etiam
1521 338 1749 392 auxerit.
1791 337 2046 407 Quorum

327 443 367 494 si
411 440 532 494 illos
568 439 854 514 poeniteat,
888 438 1160 515 deponere
1197 459 1251 492 se
1287 438 1604 512 imperium,
1640 449 1695 490 et
1727 434 1955 489 reddere
1988 435 2047 488 il-

327 538 390 594 lis
431 560 632 593 munus
680 559 865 608 suum;
908 539 1010 612 ipsi
1057 558 1240 613 regem
1279 548 1554 611 quaerant,
1593 535 1681 589 cui
1717 535 2003 610 imperent.
2024 558 2050 584 >v

327 641 519 710 Quum
549 637 811 714 popuIUS,
852 637 1062 713 pudore
1106 649 1317 705 motUS,
1350 637 1595 711 recipere
1640 656 1766 690 eum
1815 655 2050 709 regnum

325 739 568 817 juberet,
621 738 811 792 tandiu
861 738 1161 806 recusavit,
1217 736 1399 810 quoad
1462 735 1743 790 seditionis
1799 746 2050 789 auctores

328 839 596 917 supplicio
629 838 995 893 traderentur.

407 943 504 995 IV.
541 943 670 994 Post
703 939 817 992 haec
854 935 1058 991 bellum
1097 936 1378 1011 Spartanis
1412 933 1579 987 infert
1615 954 1625 987 :
1666 936 1760 1007 qui
1803 933 1904 988 soli
1936 934 2057 989 Phi-

329 1037 464 1115 lippi
489 1036 893 1110 Alexandrique
929 1032 1117 1103 bellis,
1151 1047 1204 1088 et
1240 1033 1532 1108 imperium
1578 1031 1971 1102 Macedonum,
2005 1045 2058 1086 et

330 1139 584 1193 omnibus
641 1134 937 1191 metuenda
995 1155 1145 1189 arma
1197 1144 1659 1208 contempserant.
1712 1134 1865 1185 Inter
1923 1129 2058 1184 duas

331 1237 694 1293 nobilissimas
747 1247 934 1311 gentes
992 1232 1198 1287 bellum
1257 1232 1481 1286 summis
1537 1231 1798 1305 utrinque
1848 1230 2058 1284 viribus

332 1339 467 1404 fuit,
509 1358 680 1412 quum
718 1336 777 1389 hi
812 1355 912 1410 pro
947 1345 1129 1387 vetere
1169 1331 1539 1387 Macedonum
1586 1328 1789 1406 gloria,
1831 1327 1911 1383 illi
1946 1349 2059 1383 non

335 1438 509 1493 solum
542 1458 644 1513 pro
681 1434 890 1489 illibata
934 1433 1212 1499 libertate,
1251 1430 1343 1484 sed
1373 1431 1535 1483 etiam
1578 1449 1679 1503 pro
1725 1427 1898 1482 salute
1949 1448 2061 1481 cer-

334 1550 526 1595 tarent.
561 1537 708 1591 Victi
742 1533 1168 1600 Lacedaetnonii,
1200 1551 1312 1584 non
1344 1530 1446 1604 ipsi
1487 1539 1727 1597 tantum,
1766 1526 1860 1581 sed
1898 1527 2062 1581 etiam

334 1640 592 1714 conjuges
610 1634 905 1709 liberique,
924 1653 1124 1707 magno
1144 1631 1328 1685 animo
1354 1628 1632 1683 fortunam
1664 1624 1855 1680 tulere.
1883 1628 2060 1681 Nemo

337 1741 538 1815 quippe
568 1740 624 1791 in
651 1737 762 1789 acie
793 1733 956 1788 saluti
989 1731 1264 1806 pepercit:
1293 1727 1446 1783 nulla
1476 1727 1735 1781 amissum
1770 1726 2060 1801 conjugem

338 1839 524 1894 flevit:
561 1835 800 1890 filiorum
850 1844 1085 1887 mortem
1130 1850 1281 1884 senes
1325 1826 1625 1882 laudabant
1659 1846 1669 1878 :
1709 1825 1958 1900 patribus
2007 1826 2062 1877 in

337 1940 450 1995 acie
482 1938 628 1992 caesis
668 1934 764 1989 filii
803 1930 1219 2010 gratulabantur
1257 1952 1266 1982 :
1305 1949 1458 1982 suam
1482 1927 1658 1981 vicem
1694 1945 1882 1980 omnes
1916 1924 2065 1979 dole-

337 2041 492 2109 bant,
542 2035 690 2112 quod
738 2054 847 2087 non
894 2031 997 2107 ipsi
1041 2051 1142 2105 pro
1188 2029 1375 2104 patriae
1421 2025 1668 2081 libertate
1729 2023 2061 2079 cecidissent.

338 2137 658 2194 Patentibus
685 2153 872 2188 omnes
902 2130 1157 2186 domibus
1185 2130 1394 2183 saucios
1430 2125 1800 2201 excipiebant,
1834 2122 2063 2177 vulnera

341 2238 632 2304 curabant,
665 2233 833 2288 lassos
877 2230 1206 2285 reficiebant.
1254 2231 1408 2282 Inter
1440 2226 1554 2280 haec
1602 2222 1786 2278 nullus
1839 2223 1897 2276 in
1929 2224 2065 2277 urbe

343 2340 633 2412 strepitUS,
682 2330 832 2387 nulla
895 2329 1222 2405 trepidatio;
1281 2327 1451 2401 magis
1514 2344 1703 2378 omnes
1756 2322 2064 2398 publicam,

343 2458 506 2513 quam
543 2436 813 2511 privatam
844 2431 1124 2485 fortunam
1161 2427 1441 2503 lugebant.
1475 2427 1625 2479 Inter
1666 2423 1779 2477 haec
1819 2420 2065 2478 Cleome-

344 2559 438 2592 nes
471 2556 589 2603 rex,
620 2545 743 2609 post
772 2529 969 2585 multas
998 2528 1240 2582 hostium
1276 2525 1477 2594 caedeS,
1510 2534 1627 2577 toto
1668 2541 1928 2597 corpore,
1966 2541 2065 2574 suo

345 2637 549 2712 pariter
585 2646 640 2687 et
677 2632 920 2685 hostium
954 2648 1148 2682 cruore
1188 2624 1445 2692 madenS‚
1478 2621 1825 2697 supervenit;
1859 2621 2066 2694 ingres-

346 2755 543 2809 susque
593 2733 808 2800 urbem,
836 2750 948 2783 non
996 2728 1152 2781 humi
1186 2723 1455 2793 consedit,
1488 2742 1597 2775 non
1629 2720 1811 2774 cibum
1841 2730 1936 2772 aut
1969 2739 2065 2792 po-

347 2848 465 2889 tum
498 2831 772 2908 poposcit,
820 2848 932 2881 non
982 2827 1216 2900 denique
1263 2841 1543 2877 armorum
1579 2839 1717 2873 onus
1763 2817 2061 2892 deposuit:

347 2934 439 2988 sed
469 2930 686 2986 acclinis
719 2928 937 3003 parieti,
964 2946 1134 3000 quum
1170 2936 1406 2999 quatuor
1440 2918 1609 2975 millia
1641 2915 1755 2971 sola
1786 2937 1850 2970 ex
1882 2936 2066 2991 pugna

350 3031 679 3106 superfuisse
725 3026 1118 3100 conspexisset,
1164 3024 1444 3089 hortatur,
1475 3030 1580 3071 «ut
1626 3037 1679 3070 se
1729 3015 1798 3069 ad
1841 3012 2067 3068 meliora

349 3129 657 3204 reipublicae
692 3139 940 3200 tempora
983 3132 1337 3177 reservarent.
1367 3143 1391 3169 >³
1421 3121 1564 3172 Tum
1591 3136 1715 3170 cum
1752 3114 1984 3188 conjuge
2015 3124 2069 3165 et

353 3228 531 3282 liberis
580 3229 873 3302 AEgyptum
923 3223 990 3276 ad
1034 3219 1389 3276 Ptolemaeum
1438 3215 1797 3291 proficiscitur
1837 3234 1848 3266 ε
1887 3234 1917 3265 a
1957 3230 2065 3284 quo
