2315 3868
427 312 514 356 128
1003 314 1186 358 NOTAE
1222 316 1286 357 IN
1324 316 1559 359 JUSTINI

422 415 565 459 minui
603 415 965 472 multitudinem,
1001 417 1090 461 deo
1133 418 1331 476 cuipiam
1366 427 1594 463 sacrantes
1638 429 1856 478 quantum
1903 422 2141 466 hominum

423 508 568 536 annus
591 501 796 550 pareret,
814 494 1088 538 emittebant
1111 495 1253 538 armis
1276 496 1526 540 instructos
1556 512 1580 539 e
1607 497 1697 540 suis
1718 496 1904 541 finibus.
1930 499 2006 542 Illi
2034 515 2145 544 vero

421 577 473 610 ut
503 569 698 626 posthac
725 569 912 613 carituri
936 571 1112 628 patria,
1143 571 1234 614 nisi
1264 572 1403 615 aliam
1432 581 1652 631 pararent
1683 589 1784 630 quae
1813 589 1860 617 se
1890 575 2117 634 reciperet
2135 610 2147 631 ‚

423 643 652 702 quidquid
684 653 909 691 terrarum
945 646 1082 689 armis
1122 646 1425 704 acquisissent
1455 657 1532 691 aut
1571 649 1737 707 gratia,
1772 649 2009 694 habebant
2048 651 2149 695 vice

422 719 583 778 patriae
609 737 619 762 τ
649 721 968 780 creditumque
998 731 1065 765 est
1090 722 1153 765 eis
1178 722 1338 766 adesse
1356 723 1493 767 deum
1520 725 1593 768 cui
1620 725 1921 781 dicabantur,
1947 736 1992 770 et
2015 743 2150 786 supra

424 797 678 839 humanam
709 812 838 855 spem
868 812 1145 856 prosperare
1178 797 1315 855 hujus
1346 799 1478 843 modi
1509 800 1730 844 colonias.
1765 821 1782 840 »
1823 802 1979 856 Idem,
2013 802 2151 845 initio

424 871 535 914 libri
576 888 616 915 11
647 874 706 916 de
743 873 1064 932 Aboriginibus
1091 889 1105 915 :
1140 894 1158 913 <c
1193 874 1255 917 Hi
1290 874 1475 918 fuerunt
1505 877 1713 934 quaedam
1750 878 1836 922 diis
1871 889 2045 923 sacrata
2072 879 2154 937 ju<

426 957 609 1004 ventus,
642 949 793 1008 patrio
824 949 915 992 ritu
949 966 974 992 a
1007 950 1279 1008 parentibus
1304 951 1443 994 missa
1476 952 1536 995 ad
1566 953 1839 997 incolendas
1871 955 2154 1014 sedes‚quas

428 1024 617 1070 fortuna
636 1026 799 1070 datura
814 1035 943 1070 esset.
963 1046 981 1065 »
1000 1027 1071 1070 Ex
1095 1027 1260 1085 quibus
1276 1027 1506 1072 existimat
1523 1030 1833 1073 Berneccerus
1848 1047 1934 1074 ver
1943 1047 2126 1075 sacrum
2138 1066 2152 1086 ,

430 1111 513 1156 ἔτος
541 1110 661 1165 ἱερόν,
691 1118 769 1146 seu
797 1119 970 1146 annum
1003 1119 1218 1156 sacrum,
1245 1104 1467 1147 Straboni
1502 1120 1625 1160 esse,
1649 1106 1730 1149 sed
1761 1107 1887 1150 aliud
1922 1116 2002 1151 est.
2028 1109 2157 1151 Con-

428 1178 498 1221 fer
532 1178 668 1222 etiam
703 1178 917 1233 Livium,
949 1194 1085 1234 xxn,
1117 1196 1169 1238 9,
1194 1188 1239 1223 et
1269 1196 1446 1234 xxxw,
1481 1181 1562 1236 [233
1591 1182 1814 1238 Plinium,
1848 1184 1877 1226 l.
1904 1199 1991 1238 111,
2018 1199 2055 1227 c.
2079 1184 2160 1236 13,

431 1262 475 1296 et
509 1254 819 1311 Strabonem,
854 1256 937 1300 lib.
967 1273 1009 1299 v.

497 1332 778 1390 Augurandi
807 1333 957 1375 studio
993 1333 1132 1375 Galli.
1164 1334 1394 1391 Exemplo
1427 1332 1675 1388 Dejotarus
1698 1335 1941 1379 Gallorum
1969 1334 2019 1379 in
2049 1336 2160 1380 Asia

431 1422 516 1450 rex
548 1416 635 1463 est,
670 1423 803 1467 quem
833 1408 955 1451 nihil
985 1425 1189 1468 unquam
1229 1409 1320 1452 nisi
1349 1409 1595 1468 auspicato
1629 1411 1851 1469 gessisse,
1889 1411 2052 1454 Cicero
2086 1427 2163 1455 re—

433 1484 544 1539 fert,
574 1485 633 1526 de
663 1485 791 1537 Dian,
824 1501 870 1538 1,
911 1483 981 1527 15.
1015 1485 1108 1528 Sed
1143 1494 1187 1528 et
1218 1486 1590 1544 consanguineos
1629 1488 1872 1530 Gallorum
1909 1488 2164 1531 Germanos

435 1561 648 1619 auspicia
690 1570 920 1618 sortesque
966 1571 1013 1603 ut
1055 1577 1167 1619 quos
1212 1563 1416 1604 maxime
1461 1562 1726 1605 observasse
1762 1563 1922 1605 scribit
1953 1564 2165 1618 Tacitus,

442 1636 621 1689 Germ„
649 1652 685 1679 c.
722 1652 791 1680 10.

504 1712 606 1756 Cap.
652 1715 706 1756 V.
757 1715 936 1774 Belgio.
970 1716 1203 1759 Pausaniae
1235 1716 1310 1759 hic
1345 1725 1412 1760 est
1442 1725 1619 1780 Βόλγιος,
1651 1717 1733 1761 sed
1763 1718 1912 1772 male,
1953 1716 2018 1761 ait
2050 1718 2166 1761 Vos-

438 1790 542 1833 sius.
577 1790 697 1833 Mihi
728 1806 841 1834 vero
873 1800 1068 1849 utraque
1100 1793 1238 1836 lectio
1272 1793 1451 1837 sincera
1479 1794 1665 1837 videtur
1691 1810 1700 1836 :
1725 1795 1815 1837 hoc
1844 1793 1969 1837 enim
1992 1810 2168 1838 nomen

439 1882 465 1910 a
497 1881 648 1925 graeco
680 1875 833 1930 φλέγω,
858 1883 965 1922 ur0,
999 1868 1178 1927 fulgeo,
1214 1870 1289 1913 vel
1322 1878 1494 1932 φλογόω,
1521 1870 1749 1924 incendo,
1779 1878 1952 1933 φλόγειος
1977 1871 2052 1913 vel
2083 1884 2172 1933 φλε-

440 1950 545 2006 Ὑεός,
586 1940 847 1997 flammeus,
881 1944 1078 2000 rubeus,
1115 1946 1383 2001 metathesi,
1427 1946 1587 1989 oritur.
1622 1946 1741 1989 Inde
1783 1947 1949 2005 Belga.»
1987 1946 2173 2000 Galliae,

440 2018 584 2063 hodie
616 2019 728 2062 dicti
759 2021 1036 2074 Flamands,
1071 2037 1098 2064 a
1123 2021 1359 2079 flamma,
1402 2030 1447 2065 et
1486 2022 1710 2075 Picards,
1747 2038 1772 2064 a
1797 2037 1845 2064 se
1862 2022 2061 2081 piquer,
2096 2022 2174 2080 qui

443 2105 609 2155 sponte
634 2096 700 2139 ira
726 2096 1024 2141 exardescere
1056 2097 1271 2142 dicuntur
1281 2115 1293 2154 3
1318 2106 1363 2142 et
1393 2099 1598 2158 Belgites
1624 2098 1904 2153 Pannoniae,
1930 2098 2056 2156 apud
2079 2098 2175 2141 Pli-

444 2174 601 2229 nium,
625 2189 715 2228 111,
750 2174 824 2216 25.
853 2174 928 2217 Sic
955 2175 1193 2228 Brennus,
1216 2183 1391 2238 Βρέννος,
1419 2175 1663 2218 Gallorum
1687 2174 1803 2229 dux,
1835 2190 1860 2217 a
1887 2181 2003 2237 φρήν,
2025 2181 2175 2237 φρενός,

444 2266 596 2305 mens,
637 2250 885 2309 sapientia,
926 2267 1102 2295 nomen
1148 2253 1349 2310 accepit3
1383 2253 1517 2294 Mens
1562 2250 1711 2305 enim,
1752 2250 1878 2309 apud
1916 2253 2175 2305 Romanos,

445 2337 565 2384 Νοῦς,
591 2327 714 2385 apud
731 2329 935 2383 Graecos,
960 2343 1048 2386 pro
1078 2328 1165 2372 diis
1193 2328 1479 2371 colebantur.
1507 2327 1580 2371 Sic
1600 2327 1819 2369 Berenice
1836 2328 1909 2370 vel
1926 2328 2147 2370 Beronice
2160 2360 2175 2380 ,

448 2413 495 2447 ut
520 2404 644 2462 apud
672 2405 811 2459 Just.,
835 2420 996 2459 xxv11,
1025 2419 1043 2447 1
1060 2438 1071 2459 ,
1096 2421 1121 2447 a
1145 2412 1320 2467 φερένικη
1350 2405 1424 2447 vel
1456 2412 1631 2466 sepium
1648 2444 1658 2461 ‚
1687 2403 1884 2447 afferens
1912 2402 2179 2458 victoriam,

449 2480 573 2523 unde
607 2488 651 2524 et
673 2481 840 2524 Sancta
881 2481 926 2519 V
920 2481 1101 2523 cronica
1131 2479 1245 2540 (non
1274 2489 1428 2524 autem
1453 2495 1478 2523 a
1501 2495 1617 2522 vera
1643 2478 1758 2539 icon)
1772 2512 1786 2532 ,
1812 2495 1931 2537 quae,
1956 2472 2019 2522 ob
2045 2494 2178 2521 suum

451 2557 687 2600 sudarium
705 2573 783 2601 seu
800 2557 1005 2600 victoriae
1031 2557 1252 2601 vexillum
1269 2591 1280 2612 ,
1304 2557 1471 2616 pannis
1489 2556 1732 2600 abluendis
1756 2564 1944 2614 praeest,
1969 2564 2014 2599 et
2039 2556 2181 2615 igitur

452 2634 614 2677 eadem
638 2642 704 2678 est
728 2650 779 2677 ac
809 2635 975 2677 Sancta
1004 2634 1225 2678 Victoria.
1263 2635 1338 2678 Sic
1372 2636 1554 2693 Bryges
1589 2649 1676 2692 pro
1712 2633 1937 2691 Phryges.

519 2711 622 2754 CAP.
655 2711 736 2753 VI.
771 2711 1023 2754 Parnasso.
1057 2711 1204 2756 Graeci
1237 2711 1363 2754 varie
1396 2711 1605 2754 scribunt
1639 2710 1730 2753 hoc
1765 2724 1974 2752 nomen:
2001 2719 2179 2770 Παρνασ-

455 2795 537 2845 σός,
570 2795 798 2849 Παρνασός,
829 2795 1081 2850 Παρνησσός,
1112 2796 1335 2850 Παρνησός,
1367 2804 1391 2831 a
1424 2786 1787 2850 woepave'w‚jUXta
1816 2793 1942 2827 nato·
1968 2784 2162 2828 VOCRbfl

454 2873 527 2907 tur
553 2863 681 2922 prius
705 2866 996 2917 Lar-nassas,
1024 2865 1151 2923 quod
1173 2867 1393 2918 Lamax,
1428 2870 1597 2928 λάρναξ,
1630 2863 1679 2906 id
1713 2871 1780 2906 est
1807 2877 1911 2904 arca
1941 2863 2017 2905 vel
2047 2861 2184 2904 navi-

455 2942 558 2984 cula
573 2940 874 2984 Deucalionis
893 2950 937 2984 et
953 2941 1138 3000 Pyrrhae
1155 2942 1204 2984 in
1216 2944 1490 2985 Parnassum
1507 2948 1715 2983 montem
1733 2938 1862 2996 quasi
1879 2948 2181 2998 supernatan-

455 3028 544 3061 tem
574 3018 848 3077 appulisset,
887 3017 967 3061 ubi
1008 3017 1211 3076 primum
1245 3035 1372 3077 aquae
1403 3016 1704 3061 desedissent.
1738 3015 1814 3057 Oh
1857 3014 2068 3058 eamdem
2105 3007 2198 3057 ra-'¹

457 3093 635 3137 tionem
674 3093 813 3136 urbes
853 3094 1025 3137 leeboe
1071 3095 1260 3138 Boeotiae
1299 3103 1344 3138 et
1389 3092 1604 3152 AEgypti,
1647 3100 1859 3149 tempore
1903 3091 2186 3134 diluviorum

459 3170 632 3229 Ogygis
649 3170 848 3229 gigantis
873 3180 917 3214 e‘t
940 3170 1092 3214 Menis
1122 3172 1264 3231 regis,
1297 3171 1431 3215 dictae
1455 3169 1640 3212 fuerunt
1663 3184 1688 3210 a
1712 3183 1861 3225 graeco
1885 3171 1974 3217 θίῧη
1990 3206 2000 3222 ,
2016 3165 2184 3209 fiscella

461 3261 486 3287 e
511 3247 683 3290 vimine
712 3247 849 3305 plexa
875 3247 924 3289 in
942 3250 1136 3292 modum
1158 3249 1322 3292 arculae
1337 3280 1348 3301 ,
1364 3245 1488 3289 unde
1513 3253 1557 3288 et
1575 3248 1677 3289 run
1692 3277 1704 3293 ‚
1728 3259 1902 3286 nomen
1918 3242 2187 3285 hebraicum

463 3335 575 3363 arcae
593 3323 691 3365 Noe
709 3322 755 3364 in
774 3323 914 3366 sacris
938 3323 1115 3368 litteris.
1136 3323 1331 3366 Minime
1364 3336 1475 3378 ergo
1492 3329 1725 3378 nugantur
1742 3319 1876 3378 graeci
1901 3316 2188 3376 grammatici
