2315 3868
444 410 461 436 1
471 389 528 453 93
856 376 1354 425 ADNOTATIONES
1400 379 1465 423 ΙΝ
1501 380 1741 425 JUS'rlNI

507 475 730 519 Inimicz‘s.
768 474 1048 518 Hannonem
1072 476 1315 535 intelligit,
1351 476 1429 534 qui
1452 476 1663 520 inimicus
1697 475 1889 520 factioni
1913 478 2155 522 Barcarum

441 558 564 604 erat,
599 559 649 592 ut
683 558 862 592 notum.

502 626 584 668 Ad
611 625 886 668 Antiochum
921 627 1112 685 legatos.
1146 627 1274 669 Inter
1299 641 1415 683 quos
1448 634 1545 669 erat
1576 626 1703 669 Publ.
1738 626 1920 685 Scipio,
1955 627 2035 686 qui
2058 632 2160 671 An-

436 701 643 744 nibalem
672 701 921 745 devicerat.
954 701 1094 745 Multi
1131 702 1251 744 banc
1284 717 1381 743 rem
1413 702 1461 744 in
1498 701 1681 759 scriptis
1711 702 1801 745 suis
1839 703 2161 760 celebrarunt,

439 777 577 819 etiam
602 778 832 821 Lucianus
862 778 909 820 in
941 778 1161 835 Dialogis
1190 786 1482 819 mortuorum.
1518 777 1775 820 Consilium
1793 780 2055 838 legatorum
2078 795 2162 824 ex-

437 853 578 911 plicat
605 862 655 896 ut
688 862 963 911 strategema
981 853 1254 905 Frontinus,
1281 868 1328 907 1,
1361 868 1397 895 c.
1430 853 1483 906 8,
1521 861 1628 896 sect.
1665 869 1706 909 7.

502 931 606 973 cip.
651 932 730 974 VI.
776 931 871 973 Per
900 929 1113 987 hyemem
1152 930 1199 971 in
1242 929 1490 971 luxuriam.
1541 929 1597 971 In
1640 930 1756 973 urbe
1786 932 1993 988 Euboeae,
2025 932 2162 976 Chal—

437 1006 564 1061 cide,
607 1023 705 1065 quae
747 1006 979 1050 Antiocho
1010 1006 1129 1049 facta
1168 1014 1234 1049 est
1274 1005 1402 1064 quod
1445 1005 1672 1047 Annibali
1713 1006 1825 1048 olim
1869 1009 2039 1066 Capua.
2080 1009 2162 1053 Est

437 1098 584 1126 annus
616 1099 699 1141 191
733 1098 772 1125 a.
803 1084 851 1126 C.
882 1084 939 1125 N.
970 1082 1089 1125 Vide
1122 1083 1338 1135 LIVIUM,
1374 1096 1552 1134 xxxvl,
1588 1096 1624 1123 e.
1659 1096 1740 1136 11,
1776 1082 1978 1140 quirem
2009 1084 2162 1128 minus

436 1158 734 1217 exaggeravit
765 1174 900 1216 quam
937 1158 1160 1200 Justinus.

504 1235 663 1277 Prima
702 1235 817 1277 belli
839 1235 1176 1294 congressione.
1210 1235 1348 1277 Facta
1373 1235 1431 1277 ad
1458 1235 1822 1293 Thermopylas,
1864 1250 1966 1278 cum
1998 1236 2161 1280 Manio

435 1311 586 1354 Acilio
621 1312 895 1355 Glabrione„

499 1388 751 1430 AEmc'lc‘um.
802 1389 838 1430 I.
880 1402 917 1430 e.
959 1388 1068 1429 Luc.
1104 1386 1341 1429 AEmilium
1384 1387 1617 1444 Regillum
1653 1395 1914 1444 praetorem.
1971 1387 2062 1431 Sed
2114 1387 2163 1430 in

436 1463 713 1521 quibusdam
745 1465 875 1506 MSS.
919 1463 1090 1520 legitur
1128 1463 1174 1504 εἰ
1204 1462 1411 1514 Livium,
1453 1463 1582 1519 quod
1615 1463 1886 1506 Perizonius
1929 1478 2015 1521 pro
2050 1479 2162 1506 vero

432 1539 637 1581 habebat
661 1554 718 1581 ex
746 1538 884 1580 Livio
909 1553 1058 1580 xxxw
1074 1571 1085 1591 ,
1106 1543 1164 1589 42
1192 1552 1312 1594 seq.,
1338 1545 1383 1579 et
1407 1552 1520 1590 XLV,
1548 1552 1623 1580 22.
1650 1542 1713 1581 Ac
1739 1554 1850 1581 vere
1871 1538 2033 1580 Livius
2058 1548 2162 1583 ante

432 1615 667 1673 Regillum
697 1615 744 1657 in
773 1615 879 1657 Asia
912 1614 1046 1657 classi
1078 1613 1323 1671 praefuerat
1353 1621 1398 1655 et
1432 1628 1581 1671 prope
1614 1615 1817 1658 Phocaeae
1868 1613 2007 1657 litora
2040 1629 2162 1672 prae—

431 1691 600 1733 fectum
646 1690 870 1733 Antiochi
910 1689 1250 1748 Polyxenidam
1299 1688 1518 1731 Eumenis
1563 1690 1775 1749 Pergami
1819 1689 1942 1748 regis
1990 1690 2162 1734 auxilio

431 1767 557 1811 vicit.
610 1767 928 1810 Nihilominus
969 1766 1256 1824 optimorum
1294 1765 1719 1823 manuscriptorum
1757 1766 1895 1810 lectio
1924 1767 2164 1810 AEmilium

432 1859 534 1886 cuin
566 1844 761 1887 historia
792 1842 1034 1886 conciliari
1063 1851 1232 1901 potest.

497 1920 737 1962 Proelium.
768 1919 1051 1976 Intelligitur
1078 1919 1177 1962 sine
1203 1918 1350 1961 dubio
1380 1918 1598 1976 proelium
1626 1918 1684 1961 ad
1701 1919 2011 1975 „Myonnesum
2035 1934 2161 1961 coni-

431 1994 619 2037 missum
661 2012 670 2037 :
709 1996 789 2038 sed
826 1995 930 2038 huic
966 1995 1170 2039 Annibal
1204 2010 1302 2037 non
1332 1994 1558 2037 interfuit.
1588 1996 1761 2037 'Verum
1786 1995 1942 2051 paullo
1977 2002 2082 2037 ante
2112 1996 2161 2036 izi

431 2069 520 2111 alia
553 2085 708 2129 pugna
752 2072 1010 2114 Antiochus
1051 2072 1091 2114 ei
1129 2071 1369 2114 sinistrum
1416 2086 1562 2114 cornu
1599 2070 1895 2113 commiserat
1938 2070 2158 2113 adversus

430 2146 668 2200 Rhodios,
703 2148 782 2205 qui
819 2164 924 2190 cum
953 2149 1177 2191 Romanis
1211 2163 1308 2191 sese
1337 2147 1619 2204 conjungere
1645 2146 1884 2188 volebant.
1918 2146 2027 2203 Ejus
2068 2161 2159 2204 pu—

432 2237 531 2281 gnae
555 2224 706 2266 exitus
736 2233 833 2267 erat
862 2225 1084 2268 infaustus
1111 2234 1155 2268 et
1187 2224 1395 2267 Annibal
1423 2223 1482 2265 ad
1508 2222 1830 2280 Pamphyliam
1864 2221 1924 2263 ab
1958 2221 2160 2265 Rhodiis

431 2301 719 2345 interclusus.
738 2302 859 2345 Vide
885 2304 1100 2356 Livium,
1132 2318 1327 2355 xxxvn,
1363 2316 1399 2343 c,
1434 2300 1491 2342 23
1527 2314 1649 2357 seq.,
1684 2308 1728 2341 et
1764 2303 2038 2353 APPIANUM,
2073 2298 2160 2354 Sy-

433 2379 570 2430 riae„
608 2395 643 2421 c.
685 2394 743 2421 22
778 2387 820 2422 et
850 2379 922 2422 28.

498 2454 600 2497 CAP.
638 2456 744 2498 VH.
769 2456 941 2498 Consul
964 2457 1125 2498 Lucius
1163 2455 1328 2514 Scipio.
1351 2454 1460 2510 Ejus
1487 2453 1665 2510 collega
1696 2452 1836 2494 Caius
1870 2450 2069 2502 Loelc'us,
2098 2449 2156 2492 de

434 2547 525 2588 quo
544 2541 637 2574 tam
662 2548 780 2590 saepe
813 2533 977 2575 Cicero
1003 2532 1226 2590 loquitur.
1246 2531 1348 2573 Hoc
1382 2531 1509 2573 bello
1546 2529 1759 2572 consecto
1789 2528 1948 2587 Scipio
1974 2542 2153 2585 cogno—

432 2608 632 2650 minatus
657 2617 723 2650 est
756 2610 1002 2651 Asiaticus.

504 2684 835 2742 Ipsiusfilium.
863 2686 897 2729 Ι.
934 2702 970 2728 e.
1001 2685 1127 2727 Pauli
1161 2683 1359 2737 AEmilii‚
1390 2684 1467 2741 qui
1501 2685 1715 2725 Perseum
1750 2681 1888 2735 vicit,
1913 2689 2075 2722 natura
2099 2676 2154 2720 fi—

433 2759 567 2813 lium,
608 2776 767 2803 verum
802 2764 848 2803 P.
883 2760 1115 2818 Scipionis
1141 2775 1196 2802 ex
1228 2760 1507 2818 adoptione,
1542 2768 1589 2801 ut
1615 2759 1677 2801 ait
1711 2757 1946 2815 Appianus
1973 2771 1982 2796 ε
2013 2754 2154 2808 falso,

435 2845 482 2878 ut
515 2851 570 2880 ex
595 2837 758 2879 ceteris
793 2846 985 2895 apparet
1025 2853 1032 2878 :
1067 2853 1159 2879 non
1196 2837 1320 2879 enim
1348 2836 1447 2894 ipse
1482 2836 1751 2888 Africanus,
1791 2832 1872 2875 sed
1904 2831 1999 2889 ejus
2028 2829 2152 2873 filius

435 2909 736 2971 (Asiaticus),
775 2912 903 2955 Pauli
941 2913 1118 2956 AEmiiii
1152 2912 1324 2967 filium,
1362 2928 1464 2956 eum
1495 2911 1573 2970 qui
1601 2909 1924 2965 Carthaginem
1958 2906 2154 2959 eversit,

436 2988 752 3045 adoptaverat.
788 2990 895 3031 Haec
925 2989 1220 3046 Bongarsius.

503 3067 636 3107 Asia.
663 3067 728 3108 Ea
758 3065 933 3109 scilicet
957 3081 1056 3122 quae
1081 3066 1143 3108 cis
1165 3067 1372 3108 Taurum
1396 3072 1602 3106 montem
1633 3068 1771 3112 esset,
1799 3058 1846 3101 id
1872 3068 1937 3102 est
1955 3060 2128 3102 Minor.

502 3142 603 3184 Cap.
651 3142 782 3184 VIII.
815 3142 981 3184 Mutua
1021 3142 1274 3200 gratulatio
1322 3140 1559 3183 Iliensium
1599 3152 1655 3178 ac
1694 3136 2008 3178 Romanorum
2037 3134 2145 3186 ficit.

437 3217 559 3261 Alias
596 3218 797 3262 Romani
828 3218 1026 3276 mythica
1073 3228 1117 3261 et
1151 3218 1360 3260 fabulosa
1401 3213 1589 3258 historia
1636 3211 1705 3254 usi
1739 3220 1870 3266 sunt,
1904 3221 1955 3254 ut
1991 3226 2147 3254 causas

440 3292 547 3335 inde
576 3302 619 3336 et
653 3302 898 3351 praetextus
930 3295 1162 3338 bellorum
1191 3303 1231 3336 et
1266 3291 1590 3350 oppressiones
1616 3296 1826 3346 peterent
1862 3304 1870 3329 :
1899 3287 1978 3331 sed
2003 3287 2146 3329 Ilien—

442 3367 563 3410 sibus
596 3384 690 3412 sese
718 3370 823 3412 satis
856 3380 1009 3427 gratos
1043 3371 1360 3426 praebuerunt,
1388 3366 1638 3425 praesertim
1666 3365 1750 3407 sub
1768 3362 2149 3421 imperatoribus.
