2248 3697
362 223 437 238 Μ
442 222 593 239 mm
597 224 977 240 wvwwthmvuvwvm
986 224 1201 241 WWMNJWE'
1208 230 1217 242 a
1223 226 1684 246 ΙαῐῒἯδὶἊυὶ-ΊΝΜΕΜΜ
1690 229 1779 246 ww}
1785 231 1841 247 Qu
1847 230 1901 246 SM
1906 230 1997 246 υῑνῑῒ
2001 229 2075 244 mx

852 492 1177 562 LIBER
1241 493 1581 562 XXXII.

360 1029 398 1081 1.
422 977 717 1093 AETom,
765 1025 859 1100 qui
902 1026 1236 1082 Antiochum
1292 1028 1346 1079 in
1390 1026 1529 1081 bella
1577 1047 1803 1082 romana
1847 1028 2080 1103 impule-

359 1139 506 1195 rant,
543 1127 688 1180 victo
725 1124 947 1195 eodem,
986 1124 1085 1179 soli
1131 1125 1390 1180 adversus
1426 1131 1730 1195 Roman05‚
1777 1138 1830 1180 et
1875 1127 2082 1180 viribus

358 1227 624 1301 impares,
677 1238 728 1279 et
772 1225 921 1278 omni
962 1223 1164 1279 auxilio
1210 1224 1485 1296 destituti,
1536 1237 1928 1281 remanserunt.
1969 1227 2083 1280 Nec

359 1323 534 1379 multo
581 1338 703 1400 post
745 1325 899 1394 victi,
938 1324 1276 1391 libertatem,
1315 1345 1481 1400 quam
1517 1324 1780 1379 illibatam
1823 1324 2084 1378 adversus

358 1425 787 1479 dominationem
815 1424 1235 1479 Atheniensium
1269 1437 1322 1478 et
1353 1426 1775 1498 Spartanorum,
1825 1425 1971 1477 inter
2003 1435 2083 1478 tot

357 1524 579 1579 Graeciae
615 1523 860 1576 civitates
895 1521 993 1576 soli
1027 1523 1398 1590 retinuerant,
1431 1524 1747 1576 amiserunt.
1787 1522 1927 1592 Quae
1960 1542 2086 1576 con-

357 1623 491 1677 ditio
532 1634 685 1676 tanto
724 1623 962 1676 amarior
995 1620 1129 1690 illis,
1171 1633 1378 1696 quanto
1414 1621 1585 1674 serior
1624 1622 1758 1688 fuit,
1787 1623 2086 1696 reputanti-

355 1724 457 1778 bus
502 1735 750 1797 tempora
794 1720 909 1792 illa,
942 1722 1139 1796 quibus
1179 1722 1344 1774 tantis
1390 1723 1679 1774 Persarum
1727 1721 1950 1796 opihm,
1993 1720 2084 1775 do-

357 1822 593 1878 mesticis
642 1822 850 1875 viribus
902 1822 1242 1890 restiterant3
1296 1820 1496 1894 quihus
1547 1818 1835 1873 Gallorum
1881 1819 2083 1874 violen-

356 1924 489 1976 tiam
504 1964 518 1990 ,
541 1922 680 1976 Asiae
698 1918 976 1994 Italiaeque
1006 1917 1303 1973 terribilem
1318 1963 1331 1988 ,
1353 1918 1607 1994 delphico
1626 1917 1769 1973 bello
1791 1919 2080 1995 fregerant.

357 2022 497 2092 Quae
527 2020 762 2097 gloriosa
794 2019 1100 2074 recordatio
1127 2020 1298 2095 magis
1329 2017 1661 2073 desiderium
1689 2018 1956 2073 libertatis
1989 2039 2081 2073 au-

356 2122 531 2197 gebat.
576 2122 726 2175 Dum
773 2119 887 2173 haec
932 2130 1199 2194 aguntur,
1244 2117 1424 2171 medio
1467 2129 1713 2193 tempore
1757 2120 1898 2171 inter
1938 2120 2082 2172 Mes-

356 2222 533 2276 senios
577 2232 629 2274 et
672 2219 897 2275 Achaeos
941 2218 1006 2272 de
1047 2219 1359 2293 principatu
1400 2218 1578 2292 primo
1622 2216 1917 2287 dissensio,
1954 2239 2082 2272 mox

355 2319 558 2376 bellum
601 2331 785 2374 ortum
827 2330 921 2372 est.
964 2320 1026 2371 In
1071 2337 1133 2370 eo
1177 2315 1374 2370 nobilis
1415 2316 1741 2370 Achaeorum
1786 2318 2082 2392 imperator

355 2418 731 2495 Philopoemen
767 2419 1011 2493 capitum
1042 2437 1153 2470 non
1185 2416 1312 2490 quia
1346 2415 1642 2490 pugnaudo
1674 2417 1797 2469 vitae
1829 2436 2081 2490 peperce-

355 2522 451 2587 rit,
484 2519 577 2574 sed
607 2518 738 2572 dum
767 2537 894 2572 suos
925 2518 978 2569 in
1013 2513 1263 2590 proelium
1298 2526 1541 2583 revocat,
1574 2515 1628 2567 in
1665 2515 1897 2568 transitu
1927 2514 2079 2569 fossae

355 2641 496 2695 equo
528 2618 923 2694 praecipitatus,
955 2636 985 2669 a
1009 2613 1365 2668 multitudine
1392 2613 1633 2667 hostium
1663 2633 1955 2688 oppressus
1983 2627 2077 2668 est.

353 2722 536 2790 Quem
573 2719 845 2792 jacentem
884 2715 1166 2781 Messenii,
1201 2734 1290 2767 sen
1331 2725 1478 2766 metu
1517 2713 1759 2782 virtutis,
1799 2733 1892 2765 seu
1927 2733 2078 2766 vere-

355 2818 553 2872 cundia
596 2816 907 2892 dignitatiS,
949 2812 1253 2867 interficere
1296 2813 1412 2866 ausi
1456 2832 1566 2865 non
1608 2811 1846 2866 fuerunt.
1887 2814 2080 2888 Itaque

353 2917 505 2971 velut
548 2918 603 2970 in
646 2915 739 2969 illo
784 2934 944 2968 omne
987 2911 1193 2966 bellum
1239 2911 1618 2981 confecissent,
1663 2912 1939 2985 captivum
1982 2933 2078 2987 per

359 3018 667 3070 universam
702 3015 1011 3081 civitatem,
1048 3012 1104 3064 in
1138 3010 1362 3064 modum
1398 3009 1662 3083 triumphi
1699 3010 2077 3066 circumduxe-

356 3129 515 3186 runt,
552 3114 723 3169 effuso
761 3114 974 3167 obviam
1013 3110 1246 3189 populO‚
1282 3131 1341 3164 ac
1380 3110 1422 3163 si
1462 3129 1620 3167 suus,
1659 3130 1769 3163 non
1805 3111 2074 3180 hostium,

356 3217 652 3288 imperator
677 3213 1011 3266 adventaret.
1040 3214 1155 3267 Nec
1184 3212 1440 3263 victorem
1470 3209 1649 3262 Achaei
1678 3210 1886 3264 avidius
1914 3212 2075 3264 vidis-
