2315 3868
478 497 767 563 NOTAE
817 495 922 560 IN
964 490 1502 559 PROLOGUS

246 692 685 736 HISTORIARUM
719 689 1212 734 PHILIPPICARUM
1245 686 1438 730 TROGI
1468 686 1738 729 POMPEII.

860 906 1127 915 ——-————-—-—

614 1110 679 1143 IN
726 1107 1087 1143 PROLOGUM
1133 1106 1304 1140 LIBRI
1352 1106 1385 1138 I.

199 1241 254 1281 In
285 1255 488 1282 excessu.
525 1239 700 1296 Saepius
734 1239 829 1280 haec
869 1253 962 1279 vox
998 1237 1043 1278 in
1085 1236 1298 1292 Prologis
1346 1235 1483 1277 obvia
1518 1233 1595 1287 fit,
1637 1243 1681 1276 et
1727 1242 1860 1276 notat

130 1330 394 1369 excursum,
440 1315 807 1373 digressionem,
851 1313 1113 1355 excedendo
1159 1310 1359 1365 scilicet,
1409 1327 1485 1352 sou
1533 1310 1798 1354 recedendo
1836 1326 1857 1350 a

131 1406 178 1432 re
214 1390 468 1447 proposita.

583 1487 647 1520 IN
694 1485 1061 1519 PROLOGUM
1109 1484 1285 1517 LIBRI
1330 1483 1424 1515 ΙΙΙ.

198 1598 381 1639 Bellum
414 1596 629 1639 Criseum.
659 1595 819 1639 Scribe
848 1595 1115 1648 CNssoeum,
1137 1610 1159 1637 a
1191 1594 1348 1637 C1·i..‹,·.·:a
1365 1626 1376 1646 ,
1405 1592 1625 1635 Phocidis
1661 1593 1860 1651 oppido,

133 1674 204 1715 vel
245 1689 268 1715 a
303 1672 503 1715 Crissoeo
536 1671 659 1726 sinu,
700 1688 802 1715 cum
836 1671 1107 1729 Rutgersio‚
1150 1670 1256 1712 Var.
1292 1672 1388 1712 lect.
1406 1703 1420 1723 ‚
1448 1685 1506 1723 v,
1537 1685 1558 1724 7
1591 1685 1599 1710 :
1638 1669 1863 1712 Crdfsoeus

132 1748 256 1791 enim
281 1748 407 1791 sinus
425 1748 651 1791 Straboni
674 1748 798 1791 idem
825 1756 893 1790 est
918 1747 998 1805 qui
1023 1746 1359 1790 Corinthiacus.
1387 1746 1564 1788 Bellum
1593 1754 1745 1788 autem
1776 1760 1859 1788 oc—

132 1825 315 1868 casione
363 1824 616 1867 Corinthiae
651 1824 938 1883 tyrannidis,
984 1823 1326 1867 Corinthiacum
1365 1823 1674 1880 appellatum,
1717 1821 1862 1864 inodo

132 1902 271 1944 citato
300 1902 404 1946 loco
435 1900 674 1944 Diodorus
705 1901 869 1955 tradit,
895 1900 1023 1959 quod
1048 1901 1220 1943 circum
1244 1915 1296 1942 ea
1321 1898 1612 1957 potissimum
1637 1899 1738 1941 loca
1763 1913 1861 1957 ges--

133 1987 226 2021 tum
244 1977 313 2021 sit.
334 1977 489 2020 Potuit
507 1992 639 2036 ergo,
660 1977 723 2020 ait
739 1978 872 2021 Bern.
892 2011 902 2031 ‚
925 1977 1063 2020 simili
1081 1976 1139 2020 de
1164 1991 1296 2019 causa
1321 1976 1565 2018 Crissoeum
1583 1975 1820 2033 appellari.

596 2121 663 2155 IN
706 2119 1075 2155 PROLOGUM
1122 2119 1299 2154 LIBRI
1346 2118 1393 2150 V.

200 2235 448 2277 Bellum....
482 2232 789 2275 Deceleicum.
825 2233 859 2274 A
890 2231 1108 2284 Dec-elia,
1139 2229 1318 2289 oppido
1349 2238 1393 2272 et
1422 2230 1609 2273 castello
1646 2229 1820 2273 Atticae.

572 2372 631 2405 IN
677 2371 1045 2407 PROLOGUM
1091 2369 1270 2405 LIBRI
1317 2371 1399 2404 lx.

210 2475 323 2518 Cum
357 2471 541 2524 Athea,
572 2472 773 2529 Scythice
797 2489 917 2533 rege.
951 2473 1053 2517 Hoc
1078 2490 1251 2519 nomen
1280 2473 1410 2517 dedit
1433 2473 1498 2517 Cl.
1532 2473 1743 2516 Lemaire
1766 2489 1866 2516 cum

140 2549 403 2595 Gronovio.
431 2549 705 2608 Legendum
730 2549 855 2593 enim
880 2551 1038 2594 Athea
1063 2551 1221 2595 docuit
1249 2548 1526 2609 Bongarsius
1541 2549 1599 2592 ad
1616 2549 1867 2601 Iustinum,

139 2642 217 2682 lx,
245 2643 293 2681 2,
319 2642 407 2685 pro
433 2635 653 2684 corrupto
686 2627 915 2681 Matium,
950 2627 1104 2672 littera
1128 2644 1174 2670 m
1198 2636 1371 2671 temere
1397 2643 1421 2670 e
1450 2624 1726 2685 precedenti
1755 2639 1869 2666 voce

141 2702 349 2762 repetita.
376 2703 674 2746 Ponticarum
700 2703 906 2761 gentium
928 2703 1300 2761 antiquissimum
1329 2718 1486 2762 regem
1508 2701 1715 2746 Atheam
1739 2715 1870 2743 com·-

140 2788 368 2824 memorat
395 2781 585 2834 Florus,
629 2795 725 2834 111,
763 2778 814 2833 5,
848 2779 927 2837 qui
966 2780 1013 2822 in
1045 2795 1150 2822 mss.
1185 2780 1351 2823 dicitur
1375 2780 1509 2822 Etas.
1547 2778 1721 2822 Confer
1753 2777 1868 2822 Flo-

141 2871 270 2911 rum,
298 2857 404 2900 loco
433 2856 635 2899 laudato.

602 3001 672 3035 IN
718 3001 1082 3037 PROLOGUM
1130 3000 1302 3035 LIBRI
1350 3000 1402 3032 X.

215 3113 274 3154 Ut·
293 3121 411 3171 post
434 3123 623 3156 mortem
664 3113 786 3157 Ochi
804 3113 1006 3172 regnarit
1036 3115 1191 3155 Arses.
1227 3108 1477 3164 Straboni,
1512 3118 1721 3152 extremo
1747 3108 1870 3150 libro

142 3202 227 3242 XV,
245 3196 312 3230 est
335 3195 519 3249 Nape-033
544 3189 569 3229 J
574 3189 728 3233 ustino
755 3190 1080 3233 Codomamzus
1093 3221 1108 3241 ,
1136 3187 1210 3230 vel
1226 3186 1373 3245 magis
1407 3187 1723 3238 codomanus,
1744 3183 1873 3243 quod

142 3278 317 3307 nomen
345 3262 551 3320 ejusdem
579 3280 736 3310 sensus
760 3265 876 3309 mihi
902 3265 1100 3309 videtur.
1142 3261 1432 3307 Codomanus
1464 3261 1587 3305 enim
1620 3259 1874 3305 conflatum

468 3360 525 3396 11.
1523 3359 1586 3392 12
