2315 3868
447 320 534 373 148
1023 318 1207 361 NOTAE
1245 318 1310 360 IN
1350 319 1586 361 JUSTINI

996 487 1067 529 IN
1116 486 1391 529 LIBRUM
1439 486 1606 529 XLII.

506 652 610 696 Car.
637 654 696 696 ΙΙ.
733 653 990 713 Tkogariis.
1018 655 1088 696 Ita
1113 653 1221 695 libri
1257 661 1445 695 veteres.
1474 652 1676 707 Quidam
1714 661 1867 696 tamen
1901 655 1941 696 T
1938 654 2163 713 eogarlis,·

442 745 558 772 unus
602 730 643 772 T
642 729 853 783 hocaris,-
888 729 1198 773 Colct'zatariis
1224 726 1238 786 (
1248 743 1336 785 pro
1372 727 1801 790 Colchotogarz'is?)
1825 729 1930 772 edd.
1957 730 1984 771 6
2019 729 2160 788 antiq.

452 807 704 848 Taenarc'os
739 803 853 865 (pro
887 806 928 846 T
925 804 1138 846 ocharios
1151 806 1175 845 f·
1192 801 1231 863 )‚
1255 802 1516 860 Scythicum
1546 818 1688 861 genus
1712 813 2046 848 commemorat
2070 804 2163 847 Pli—

442 882 543 924 nius
558 915 571 935 ‚
595 897 667 935 VI,
699 896 751 936 17
768 914 780 935 ,
814 889 858 923 et
881 888 1078 941 Τοχοίρους
1100 878 1349 935 Dionysius
1374 878 1653 936 Periegetes,
1680 888 1725 922 et
1748 881 2035 924 Ptolemaeus.
2060 881 2165 924 No-

443 973 548 1000 men
561 957 679 1000 illud
697 956 956 1000 derivatum
971 963 1037 997 est
1055 970 1079 996 a
1099 954 1334 1012 Rogana,
1353 953 1530 1010 oppido
1545 955 1706 997 Serum
1723 956 1846 1012 apud
1855 957 2165 1010 Ptolemaeum,

443 1033 794 1076 Bactrianorum
822 1031 949 1088 juxta
980 1032 1046 1073 Cl.
1074 1029 1341 1083 D'Anville3
1380 1028 1601 1088 Thogara
1625 1039 1777 1072 autem
1808 1046 1834 1074 a
1856 1040 2034 1094 τύχῃρα,
2062 1032 2163 1075 for—

444 1109 576 1163 tuita,
602 1109 833 1151 fortunata
849 1141 859 1161 ,
885 1115 960 1149 aut
982 1106 1145 1149 melius
1168 1121 1191 1147 a
1223 1113 1304 1158 θεός
1320 1145 1329 1161 ‚
1363 1104 1473 1147 deus
1490 1138 1500 1158 ,
1537 1114 1580 1147 et
1614 1113 1717 1166 κάρα
1734 1144 1744 1162 ‚
1780 1116 1916 1164 caput
1933 1140 1944 1160 ,
1976 1117 2133 1150 vertex
2154 1141 2166 1156 ,

443 1185 531 1227 hoc
568 1193 635 1227 est
665 1185 804 1226 Mons
838 1183 1047 1226 deorum.

509 1260 793 1303 Artabanus.
825 1259 942 1302 Vide
974 1273 1136 1316 supra,
1161 1258 1240 1300 lib.
1264 1274 1333 1312 11,
1367 1274 1402 1301 c.
1439 1274 1493 1301 10
1513 1292 1524 1313 ,
1553 1267 1596 1301 et
1629 1259 1707 1302 lib.
1735 1275 1828 1313 111,
1863 1274 1898 1301 c.
1936 1274 1972 1301 1.

519 1336 781 1391 Onoadsstc'.
815 1334 1075 1378 Artoadisci
1095 1334 1143 1375 in
1177 1334 1280 1376 edd.
1309 1334 1335 1375 6
1369 1335 1535 1392 antiq,
1571 1335 1648 1392 qui
1693 1344 1758 1377 est
1798 1335 2081 1377 Artavasdes
2118 1334 2166 1376 in

445 1413 697 1465 Strabone,
728 1411 808 1453 lib.
840 1427 903 1464 11,
929 1419 972 1453 et
1002 1410 1273 1463 Plutarcho,
1300 1411 1345 1451 in
1370 1411 1598 1462 Antonio,
1637 1425 1736 1468 cap,
1770 1410 1844 1452 66.
1880 1413 2017 1453 Forte
2051 1426 2164 1454 con-

444 1497 641 1531 tractum
665 1488 724 1530 ab
741 1487 1061 1539 Arcavasz'des,
1091 1486 1490 1543 compositumque
1508 1501 1533 1528 a
1558 1500 1706 1542 graeco
1723 1494 1860 1547 ἀργοῖς,
1874 1500 2067 1544 magnus
2083 1520 2094 1540 ,
2121 1495 2167 1529 et

447 1565 697 1616 Phasides,
719 1579 816 1620 quae
834 1577 927 1604 vox
952 1561 1188 1604 derivatur
1206 1577 1231 1602 a
1255 1569 1399 1617 Φάσις,
1424 1561 1620 1612 Phasis,
1640 1576 1813 1603 nomen
1830 1560 1959 1604 fluvii
1976 1562 2166 1604 Colchi—

447 1640 515 1682 dis
531 1649 574 1683 et
606 1639 730 1682 urbis
761 1638 820 1681 ad
844 1638 977 1694 hujus
1002 1637 1183 1679 ostium.
1212 1636 1520 1680 Scribendum
1544 1636 1684 1694 igitur
1706 1636 1871 1679 rectius
1892 1638 2169 1688 Artavasdi,·

450 1730 559 1758 nam
595 1730 650 1758 ex
678 1714 966 1757 Artavasdes
1003 1721 1220 1770 corrupta
1248 1721 1353 1755 sunt
1384 1713 1678 1754 Artoadistes
1699 1721 1744 1755 et
1782 1713 2083 1756 Ortoadzls‘tes.

511 1790 799 1834 Armenia...
820 1791 1005 1833 condita
1029 1799 1158 1831 esa...
1185 1789 1244 1830 ab
1273 1790 1513 1839 Armenio,
1540 1790 1729 1831 Iasonis
1762 1788 1982 1832 Thessali
1994 1791 2166 1833 comite.

447 1867 590 1922 Quod
621 1875 664 1909 et
688 1866 856 1909 Strabo
889 1874 1091 1908 testatur.
1133 1864 1361 1922 Congruit
1392 1865 1485 1906 haec
1516 1864 1672 1907 fabula
1707 1879 1810 1906 cum
1844 1865 1999 1908 fabula
2031 1867 2170 1908 Jaso-

450 1943 521 1985 nis
553 1942 684 1985 navis
711 1946 836 2000 Argo
874 1950 916 1983 et
945 1945 1318 1999 Argonautarum
1352 1940 1493 1982 ducis.
1529 1941 1795 1982 Armenium
1829 1939 1952 1982 enim
1982 1941 2057 1983 vel
2080 1945 2172 1984 Ar-

447 2034 627 2062 memcm
641 2051 655 2071 ,
682 2018 850 2061 Strabo
876 2026 919 2059 et
937 2017 1224 2070 Eustathius,
1250 2032 1309 2058 ea:
1335 2016 1574 2068 Armenio,
1603 2016 1706 2058 urbe
1729 2015 2013 2069 Thessaliae,
2033 2016 2170 2060 fuisse

450 2096 628 2149 dicunt,
667 2093 956 2153 mythologia
998 2094 1217 2135 Jasonem
1259 2092 1416 2134 navim
1457 2094 1586 2150 Argo
1618 2091 1863 2135 fabricasse
1902 2092 2110 2135 trabibus
2146 2109 2170 2135 e

448 2171 602 2225 Pelio,
629 2179 789 2213 monte
819 2169 1091 2223 Thessaliae,
1117 2168 1335 2226 sumptis,
1361 2183 1486 2211 sacra
1512 2176 1664 2210 autem
1687 2167 1861 2221 Biblia,
1888 2170 2027 2221 Gen.,
2055 2183 2092 2210 c.
2113 2168 2140 2211 8
2159 2202 2169 2221 ,

450 2262 603 2289 arcam
643 2248 743 2289 Noe
792 2245 1072 2304 requievisse
1111 2259 1268 2287 mense
1305 2244 1501 2302 septimo
1542 2259 1680 2300 super
1709 2252 1891 2287 montes
1925 2244 2170 2287 Armeniae.

449 2322 674 2381 Congruit
697 2331 741 2365 et
765 2338 866 2365 cum
894 2322 1176 2381 etymologia
1204 2321 1422 2364 nominis.
1449 2321 1674 2362 Armenia
1703 2320 1876 2378 quippe
1901 2320 1960 2362 ab
1985 2328 2171 2382 ἄρμενω,

449 2400 605 2442 velum
641 2400 796 2453 navis,
832 2407 1004 2461 ἄρμενα,
1044 2397 1224 2457 opificis
1260 2397 1592 2451 instrumenta,
1619 2412 1793 2440 nomen
1827 2396 2016 2454 accepit.
2058 2398 2171 2438 Tres

450 2475 629 2518 nummi
653 2480 863 2533 Apameae
879 2509 890 2530 ,
914 2475 1040 2518 urbis
1067 2475 1298 2534 Phrygiae,
1324 2474 1546 2517 exhibent
1570 2489 1722 2516 arcam
1747 2488 1885 2531 super
1902 2488 2041 2530 aquas
2064 2470 2170 2514 flui-

451 2560 650 2606 tantem,
678 2552 798 2594 intus
832 2552 1166 2595 Deucalionem
1197 2561 1241 2594 et
1270 2551 1520 2610 Pyrrham,
1555 2565 1714 2608 super,
1745 2550 1856 2593 duas
1891 2565 2019 2604 aves,
2062 2564 2170 2592 cor-

452 2643 561 2669 vum
593 2637 638 2670 et
668 2628 955 2682 columbam,
989 2644 1088 2686 quae
1118 2643 1296 2671 ramum
1335 2643 1415 2670 ore
1446 2636 1619 2685 gestat,
1652 2636 1696 2669 et
1725 2627 2011 2685 epigraphen
2048 2636 2171 2673 ΝΩΕ.

462 2703 573 2744 Vide
607 2704 663 2745 D.
695 2705 958 2758 MIONNET,
994 2706 1150 2746 Descr.
1183 2705 1265 2746 des
1292 2705 1437 2757 med,
1472 2713 1502 2745 t.
1537 2720 1610 2757 iv,
1639 2719 1683 2761 p.
1721 2702 1836 2756 234,
1863 2701 1954 2744 236
1988 2710 2031 2744 et
2066 2702 2171 2756 237.

454 2779 671 2836 Insuper,
696 2782 888 2837 Ancyra
897 2813 912 2833 ,
942 2780 1149 2839 Phrygiae
1191 2789 1235 2823 et
1263 2779 1451 2823 Galatiae
1486 2780 1616 2834 urbs,
1646 2779 1704 2821 ab
1742 2786 1893 2840 ἄγκυρα,
1912 2816 1921 2834 ‚
1945 2777 2171 2831 anchora,

454 2870 624 2898 nomen
659 2855 820 2898 sortita
844 2864 932 2910 est,
960 2856 1164 2899 anchora
1188 2856 1236 2898 in
1268 2855 1363 2912 ejus
1394 2856 1594 2898 nummis
1622 2854 1887 2906 exhibetur,
1912 2853 2172 2911 legiturque

456 2931 578 2987 apud
597 2931 889 2985 Pausaniam,
905 2932 953 2974 in
972 2933 1134 2974 Atticis
1158 2948 1171 2973 :
1196 2932 1353 2975 «Galli
1380 2933 1499 2974 ultra
1515 2930 1787 2989 Sangarium
1813 2944 1996 2971 amnem
2011 2944 2174 2972 conse-

457 3006 648 3061 derunt,
664 3011 854 3064 Ancyra
873 3008 1105 3066 Phrygum
1122 3008 1237 3050 urbe
1255 3016 1493 3065 occupata,
1515 3022 1654 3064 quam
1667 3004 1818 3047 Midas
1831 3038 1842 3058 ,
1859 3004 2026 3047 Gordii
2038 3003 2173 3058 filius,

457 3082 743 3127 condiderat.
760 3083 979 3126 Anchora
994 3093 1144 3127 autem
1156 3100 1294 3142 quam
1311 3084 1551 3127 invenerat
1560 3081 1711 3124 Midas
1726 3079 1928 3141 (auribus
1952 3081 2142 3124 asininis
2158 3114 2170 3133 ,

459 3158 507 3200 id
532 3168 596 3201 est
627 3160 697 3202 sol
721 3159 805 3202 sub
838 3160 1068 3203 solstitiali
1093 3161 1222 3203 asino
1255 3161 1329 3203 vel
1360 3175 1480 3217 equo
1509 3157 1716 3218 minore)
1734 3191 1745 3212 ,
1775 3157 1834 3200 ad
1856 3173 2006 3201 meam
2033 3174 2175 3216 usque

461 3243 634 3278 :etatem
659 3236 912 3293 permansit
927 3236 976 3277 in
999 3237 1128 3279 Jovis
1159 3237 1274 3291 aede3
1304 3236 1407 3278 fons
1437 3234 1574 3277 etiam
1601 3234 1678 3277 ille
1708 3235 1995 3294 (amphorae,
2023 3250 2173 3293 prope

462 3324 629 3365 equum
646 3311 874 3354 minorem
892 3311 1023 3365 situs,
1042 3312 1242 3369 ideoque
1254 3311 1568 3368 Hippocrene,
1584 3310 1689 3367 equi
1708 3310 1811 3353 fons
1823 3344 1835 3365 ,
1851 3311 2035 3365 Graecis,
2049 3311 2173 3353 vise—
