2315 3868
765 341 1001 384 LIBRUM
1037 342 1202 385 XLIII.
1771 358 1787 385 1
1801 342 1824 386 5
1839 360 1853 385 1

135 439 238 497 qui,
255 441 368 484 sicut
392 443 483 484 Pan
500 474 512 496 ,
536 441 647 484 deus
674 442 832 484 ovium
867 451 910 484 et
940 451 1200 500 pastorum,
1224 444 1371 489 dictus
1396 455 1594 510 Αἰγίπαν,
1618 456 1861 513 Αῑγομελῆς,

132 515 397 574 Semicaper
407 550 420 569 ,
447 517 690 575 Capripes,
712 517 909 560 Mendes
923 551 934 572 ‚
954 518 1170 576 pedoque
1185 519 1455 578 insignitus,
1475 532 1518 566 et
1534 526 1655 582 pelle
1669 527 1859 586 caprina

134 592 347 649 amictus,
364 593 552 636 vestitus
571 601 667 636 erat
683 592 789 651 pilis
807 595 969 637 cameli
981 628 993 648 ,
1016 610 1110 638 vox
1134 597 1373 640 clamantis
1391 598 1439 640 in
1457 599 1640 644 deserto
1652 636 1663 656 ,
1678 612 1722 646 et
1736 604 1857 662 bap-

134 668 306 711 tizabat
324 669 381 711 ad
404 669 638 721 Paucum,
665 670 898 712 Paneada
922 672 995 714 vel
1025 673 1251 715 Panc'ada
1278 674 1508 733 <Panium
1531 691 1740 734 specum,
1757 680 1859 723 Ste-

133 745 313 801 phano,
347 761 372 787 a
402 742 582 805 Pane),
612 744 789 788 fontem
812 745 860 788 in
884 756 1044 790 monte
1070 748 1265 804 Libani,
1297 750 1421 793 unde
1451 751 1670 796 Jordanis
1694 752 1861 797 fluvius

133 819 334 878 erumpit
367 816 516 880 (Vide
542 823 760 876 Josmm,
798 838 887 876 111,
931 822 1009 879 18,
1043 834 1087 867 et
1114 827 1273 880 prm,
1303 843 1354 882 v,
1393 826 1498 889 15),
1531 836 1575 871 et
1606 829 1665 871 ad
1696 830 1860 873 urbem

133 895 484 954 cognominem,
520 897 606 940 sub
638 897 747 955 ipsis
780 898 1015 942 radicibus
1046 900 1221 945 montis
1246 904 1391 946 Panic·
1419 903 1572 959 sitam,
1597 905 1678 948 ubi
1702 906 1858 948 Hero-

133 973 213 1016 des
241 974 451 1032 Augusto
474 976 702 1033 templum
727 975 888 1019 erexit.
916 977 1078 1036 Itaque
1120 978 1293 1023 Orodes
1317 996 1414 1024 non
1445 982 1734 1027 mutandum.
1758 979 1860 1045 Ῠρώ-

132 1053 205 1104 3ης
235 1049 540 1108 depravatum
577 1060 644 1094 est
678 1052 737 1095 ab
770 1050 964 1115 Ηρώὸηςς
992 1051 1160 1117 Ηρώὸης
1191 1065 1343 1101 autem
1377 1058 1437 1101 ab
1461 1061 1652 1121 ἀῤῥώὸης.
1687 1060 1861 1103 Omnes

134 1127 257 1169 enim
275 1129 458 1171 vocales
476 1127 597 1171 inter
620 1145 667 1172 se
691 1138 1052 1186 commutantur,
1070 1133 1302 1192 praecipue
1328 1157 1353 1181 α
1370 1134 1418 1176 in
1440 1158 1463 1185 η
1478 1174 1487 1191 ‚
1511 1143 1556 1177 et
1578 1158 1600 1185 η
1625 1134 1673 1177 in
1701 1159 1711 1182 ι
1735 1136 1808 1178 vel
1827 1159 1859 1182 υ,

142 1205 256 1247 Vide
283 1220 441 1263 supra,
479 1206 642 1257 Orole,
673 1206 701 1248 l.
728 1221 869 1249 xxxu
886 1240 897 1262 ,
922 1221 958 1250 c.
983 1207 1023 1250 3.

201 1282 417 1324 Pacorus.
453 1283 495 1324 A
526 1296 676 1339 graeco
712 1288 860 1341 πάχος,
895 1283 1143 1337 crassities,
1180 1284 1443 1342 pinguedo;
1475 1294 1631 1347 παχύς,
1665 1301 1859 1339 crassus,

133 1357 330 1414 pinguis.
364 1358 488 1413 Ergo
516 1371 601 1414 per
631 1355 688 1398 ch
718 1356 1033 1400 scribendum.

196 1432 298 1475 CAP.
311 1433 366 1475 V.
389 1433 652 1475 Tiridatem.
671 1431 898 1476 Tiridates
915 1449 1105 1489 nomen,
1126 1434 1191 1477 uti
1211 1436 1464 1489 Tiribazns,
1485 1444 1721 1480 contracte
1735 1452 1856 1479 com-

130 1509 333 1567 positum
353 1517 420 1552 est
437 1524 462 1552 a
480 1524 628 1568 graeco
646 1517 766 1571 τιάρα
778 1550 787 1567 ‚
806 1511 946 1562 tiam,
967 1511 1129 1568 capitis
1148 1520 1381 1569 gestamen
1408 1513 1532 1571 apud
1549 1527 1680 1571 reges
1696 1516 1859 1556 Persa-

129 1602 232 1628 rum
245 1619 256 1640 ,
273 1594 318 1628 et
338 1589 563 1648 ὃατέομαι,
581 1585 766 1640 divido,
783 1586 977 1645 partior,
995 1587 1125 1644 quod
1144 1595 1211 1630 est
1233 1589 1483 1632 Tc'ararum
1500 1590 1723 1642 diribitor,
1743 1590 1860 1632 sicut

132 1662 463 1716 Mithridates,
492 1662 570 1721 qui
599 1663 758 1706 mitras
782 1663 1046 1718 distribuit3
1074 1664 1201 1722 quod
1226 1664 1283 1707 de
1313 1667 1409 1708 sole
1433 1675 1612 1709 tantum
1637 1682 1657 1708 a
1684 1665 1859 1724 princi-

131 1738 212 1796 pio
247 1739 498 1782 dicebatur.
543 1739 657 1782 Vide
684 1754 845 1797 supra,
881 1755 1078 1793 xxxvn,
1120 1755 1166 1794 1,
1202 1741 1513 1785 Mithradates.

670 1903 741 1945 IN
792 1903 1071 1946 LIBRUM
1117 1905 1321 1947 XLIII.

195 2047 299 2090 Cim.
325 2049 360 2090 Ι.
395 2046 679 2106 Aborigines.
706 2045 760 2089 Id
786 2053 851 2088 est
883 2045 942 2087 ab
969 2045 1146 2104 origine
1172 2046 1350 2104 populi.
1376 2047 1526 2090 Gloss.
1553 2056 1642 2091 vet.
1682 2047 1857 2090 Abori-

130 2125 284 2183 gines,
309 2132 569 2185 Αὐτόχθονες;
595 2130 830 2184 Αὐτόχθων,
848 2122 1083 2180 Aborigo,
1102 2123 1320 2181 indigena
1337 2157 1349 2178 ,
1371 2124 1638 2181 patricinus.
1663 2124 1739 2167 Ab
1764 2123 1858 2167 ori-

128 2201 261 2259 gine,
293 2201 342 2243 in
368 2201 535 2244 eodem
570 2199 822 2258 glossario,
854 2198 1105 2257 exponitur
1133 2207 1217 2247 ὰπὲ,
1245 2207 1533 2263 ἀρχαιογονίας.
1562 2200 1671 2243 Haec
1698 2200 1856 2258 itaque

129 2293 240 2336 gens
289 2277 470 2331 Italica,
500 2286 694 2336 propter
726 2276 1077 2334 antiquitatem,
1112 2285 1155 2319 et
1193 2277 1320 2334 quod
1346 2277 1395 2319 in
1428 2277 1621 2335 regione
1656 2293 1734 2319 sua
1769 2291 1855 2335 gev

128 2355 271 2398 nuina
303 2353 453 2396 fuerit.
489 2353 676 2411 Alioqui
712 2352 985 2412 Aborigines
1016 2352 1064 2395 in
1101 2367 1271 2411 genere
1308 2353 1618 2412 cujuscunque
1650 2353 1855 2413 regionis

127 2432 359 2490 indigenae
386 2430 691 2488 appellantur.
717 2431 861 2472 Recte
884 2428 1025 2486 igitur
1049 2430 1308 2488 Stephanus
1332 2431 1601 2489 Aborigines
1632 2429 1852 2487 antiquis—

127 2509 268 2551 simos
302 2507 444 2550 Italiae
478 2507 701 2565 populos,
735 2505 813 2563 qui
845 2519 1006 2563 agrum
1038 2505 1167 2548 illum
1193 2507 1456 2549 Romanum
1486 2514 1758 2559 tenuerunt,
1791 2506 1852 2549 ita

127 2585 275 2628 dictos
310 2585 474 2638 refert,
511 2583 638 2642 quod
671 2583 845 2641 absque
880 2581 1083 2641 origine,
1108 2592 1153 2626 et
1187 2584 1332 2626 veluti
1356 2600 1380 2627 e
1407 2593 1528 2628 terra
1552 2584 1674 2639 nati,
1705 2584 1754 2626 id
1787 2592 1853 2627 est

126 2662 360 2720 indigenae
393 2668 554 2705 essent.

197 2738 526 2782 Saturnalibus.
575 2736 760 2780 Saturni
814 2735 966 2792 feriis,
1014 2752 1112 2795 quae
1157 2738 1383 2781 celebrari
1437 2738 1650 2781 solebant
1695 2753 1852 2780 mense

128 2814 376 2858 decembri.
411 2813 528 2857 Inde
574 2813 649 2855 hic
693 2812 863 2856 mensis
910 2814 1112 2872 genialis
1156 2813 1302 2856 dictus
1348 2816 1591 2857 Fastorum
1636 2830 1700 2856 lv,
1735 2813 1850 2856 Inde

126 2891 367 2946 Horatius,
401 2892 482 2935 lib.
509 2907 574 2945 11,
601 2899 682 2933 sat.
705 2904 729 2932 2
752 2906 760 2931 :
786 2891 889 2949 Age
921 2890 1130 2932 libertate
1162 2891 1403 2933 decembri.
1435 2891 1545 2933 Uno
1572 2898 1747 2932 tantum
1774 2889 1850 2932 die

126 2968 375 3026 antiquitus
408 2968 787 3021 celebrabantur,
823 2967 912 3009 hoc
949 2975 1017 3009 est
1051 2966 1233 3009 decimo
1268 2975 1435 3024 quarto
1464 2966 1759 3009 calendarum
1773 2966 1847 3022 ja-

126 3044 300 3099 nuarii,
334 3054 460 3103 post,
488 3053 663 3103 septem
696 3043 884 3098 diebus,
911 3051 1142 3102 quotquot
1168 3052 1275 3086 sunt
1306 3043 1354 3085 in
1379 3042 1698 3097 hebdomade,
1725 3042 1849 3099 cujus

126 3121 313 3164 ultimus
348 3120 495 3164 dictus
526 3120 713 3164 Saturni
750 3120 869 3173 dies,
902 3119 983 3162 sed
1017 3135 1040 3162 e
1085 3119 1250 3177 quibus
1295 3119 1498 3178 quinque
1532 3127 1710 3161 tantum
1747 3118 1850 3161 festi

125 3198 431 3241 habebantur.
457 3197 605 3240 Graeci
638 3197 777 3240 festos
804 3197 890 3239 hos
919 3195 1015 3238 dies
1047 3203 1221 3257 Κρόνια,
1252 3211 1277 3238 a
1308 3204 1474 3258 Κρόνος,
1506 3210 1648 3254 graece
1683 3195 1847 3238 Satur-

125 3291 234 3329 nus,
263 3273 493 3318 dicebant.
520 3272 654 3316 Hisce
684 3273 851 3317 diebus
878 3272 1127 3327 libertatis,
1148 3272 1362 3329 jocorum
1387 3282 1524 3331 atque
1551 3271 1717 3314 laetitiae
1745 3272 1844 3329 ple&

124 3351 216 3407 nis,
251 3350 483 3410 piaculum
517 3357 613 3393 erat
643 3364 819 3393 sumere
854 3350 1053 3404 bellum,
1081 3357 1157 3391 aut
1183 3364 1344 3408 poenas
1373 3365 1397 3392 a
1423 3358 1619 3391 nocente
1645 3347 1844 3406 exigere.
