2315 3868
486 300 570 353 146
1062 305 1246 349 NOTAE
1283 307 1344 350 IN
1381 306 1621 351 JUSTINI

480 421 625 465 graece
654 415 817 468 γρυπός,
843 407 1081 452 incurvum
1115 410 1211 454 sive
1242 411 1475 454 aduncum
1503 426 1664 455 nasum
1693 412 2025 468 habens‚teste
2046 415 2198 474 Hesy—

477 482 607 535 chio‚
641 483 756 526 sicut
783 491 905 547 γρὺψ,
937 501 1078 546 g77ps
1095 497 1172 531 aut
1191 488 1428 548 gryphus,
1464 488 1559 531 avis
1594 488 1778 532 adunco
1817 498 1994 544 rostro,
2036 491 2200 549 gallice

475 556 663 618 griffon.

545 635 648 678 CAP.
676 638 729 680 V.
758 639 1079 701 Magnumque
1104 659 1268 686 nomen
1299 644 1520 687 Arabum.
1554 643 1728 687 Arabes
1760 642 1969 687 Homero
2002 641 2199 706 Ερεμῧοί·

476 728 585 757 nam
618 723 744 758 certo
775 718 943 761 certius
975 726 1064 774 est,
1093 719 1156 762 ait
1180 719 1452 775 Salmasius,
1481 720 1562 778 qui
1592 721 1800 763 Homero
1834 728 2060 762 vocantur
2081 717 2202 781 ἠρεμ-

477 793 559 847 6οί,
592 805 689 835 esse
718 791 977 851 ipsissimos
1002 810 1080 838 eos
1105 811 1221 854 quos
1244 796 1478 854 posterior
1506 799 1773 840 Graecorum
1796 805 1901 839 aetas
1930 794 2093 859 Ᾰραςας
2120 811 2203 838 vo—

477 867 611 913 cavit.
653 870 797 913 Rufus
826 880 955 915 vetus
985 881 1151 931 poeta,
1176 873 1302 931 apud
1336 874 1588 927 Galenum,
1612 873 1857 916 Ladanum
1883 882 1918 921 ἐν
1951 881 2050 936 γαίᾳ
2082 870 2206 935 Ἐρεμ-

478 949 555 992 Εῶν
595 947 722 990 nasci
749 947 890 990 tradit
918 982 929 1003 ‚
963 949 1041 1007 qui
1070 957 1173 992 sunt
1202 949 1390 993 Arabes.
1428 949 1623 992 Celebre
1653 950 1825 1007 quippe
1865 958 1933 993 est
1959 949 2203 993 Ladanum

476 1021 738 1066 Arabicum.
781 1023 916 1067 Idem
949 1025 1118 1069 Strabo
1164 1026 1214 1068 in
1249 1042 1266 1069 1
1304 1025 1468 1080 habet,
1504 1025 1583 1084 qui
1617 1033 1662 1067 et
1700 1024 2005 1068 Posidonium
2037 1025 2087 1067 in
2119 1025 2204 1067 hac

476 1097 614 1142 fuisse
643 1101 871 1143 sententia
894 1101 1062 1157 tradit,
1088 1111 1298 1146 extremo
1328 1102 1452 1145 libro
1479 1117 1578 1145 xv1.
1603 1099 1832 1159 Dionysio
1857 1116 2042 1160 quoque
2072 1110 2108 1149 ἐν
2127 1112 2204 1149 Hs-

475 1183 653 1237 ριηγήσει
694 1192 800 1235 pars
839 1187 944 1221 sunt
984 1179 1177 1223 Arabiae.
1219 1177 1392 1242 Ερεμςςί
1424 1194 1601 1222 nomen
1636 1177 1784 1220 oritur
1816 1191 1843 1220 a
1875 1191 2025 1236 graeco
2054 1182 2204 1240 ἕρεὲος,

476 1251 677 1308 Erebus,
722 1270 878 1309 orcus,
905 1255 1068 1311 inferi,
1085 1265 1237 1319 ἐρεμνᾶς
1260 1257 1334 1300 vel
1360 1261 1570 1319 §42232220'37
1595 1257 1940 1312 tenebricosus‚
1959 1255 2205 1307 obscurus,

477 1328 644 1373 eodem
687 1346 822 1374 sensu
853 1333 1058 1391 mythico
1089 1348 1139 1376 ac
1176 1333 1324 1384 Scoti,
1365 1332 1560 1386 Cimbri,
1600 1334 1833 1379 Cimmerii
1865 1343 1909 1377 et
1949 1332 2206 1377 Cimmeriae

478 1406 691 1450 tenebroe.
707 1409 886 1452 Arabes
911 1418 1063 1453 autem
1089 1410 1147 1452 ab
1173 1414 1333 1472 ἀραὲέω
1349 1449 1359 1466 ‚
1382 1409 1574 1461 insono,
1600 1411 1842 1469 strepitum
1874 1411 1949 1453 vel
1972 1409 2207 1467 f1·agorem

477 1483 594 1537 edo,
625 1499 726 1526 cum
767 1486 967 1529 stridore
1000 1486 1241 1540 concutio,
1277 1490 1447 1547 ἅραὲρς,
1484 1486 1686 1543 crepitus
1721 1487 1956 1540 dentium,
1988 1484 2205 1543 strepitus

477 1575 733 1614 armorum,
758 1561 943 1605 stridor.
978 1562 1094 1606 Inde
1124 1564 1299 1606 Arabes
1316 1596 1327 1616 ,
1346 1570 1390 1605 et
1409 1562 1582 1605 Arabes
1598 1564 1847 1616 Be'douins,
1881 1578 1969 1620 pro
2001 1563 2205 1604 latrones

477 1636 590 1679 dicti
606 1637 771 1693 hodie,
796 1638 915 1681 sicut
944 1639 1058 1682 olim
1092 1640 1261 1683 Cimbri
1287 1648 1331 1682 et
1364 1638 1606 1682 Cimmerii.
1640 1638 1758 1683 Vide
1779 1654 1940 1697 supra,
1956 1647 2054 1681 not.
2077 1637 2204 1680 Cim—

478 1713 612 1768 brici,
642 1731 804 1766 xxxu,
843 1716 880 1760 3.

1041 1803 1119 1845 IN
1168 1804 1461 1847 LIBRUM
1506 1801 1641 1845 XLI.

545 1934 648 1977 CAP.
688 1937 724 1979 I.
755 1936 931 1980 Parthi.
968 1940 1004 1980 A
1039 1952 1187 1996 graeco
1221 1947 1376 2001 πέρθω,
1405 1937 1580 1996 perdO,
1610 1944 1770 1990 vasto,
1805 1934 1921 1977 sicut
1954 1942 1998 1976 et
2033 1935 2206 1977 Persoe.
2271 1935 2274 1938 ’

478 2011 648 2054 Parthi
676 2012 799 2055 enim
846 2022 889 2056 et
928 2014 1090 2056 Persa:
1119 2014 1372 2058 secundum
1399 2014 1666 2057 varietatem
1697 2010 1882 2055 dialecti
1911 2010 2053 2053 iidem
2088 2019 2207 2054 sunt.

486 2089 600 2130 Vide
630 2098 765 2131 notas
799 2098 982 2133 nostras
1018 2090 1065 2132 in
1097 2092 1249 2149 Reges
1283 2090 1331 2133 C.
1367 2092 1509 2149 Nep„
1541 2105 1639 2148 cap.
1680 2105 1717 2132 1.

544 2166 608 2208 Et
643 2168 783 2208 Areos
817 2175 863 2209 et
888 2166 1162 2225 Spartanos.
1197 2167 1306 2211 Haec
1330 2176 1397 2211 est
1418 2175 1629 2210 veterum
1656 2166 1888 2210 librorum
1919 2182 2026 2210 mss.
2053 2165 2206 2209 lectio.

479 2241 753 2301 Legendum
783 2251 938 2286 autem
973 2253 1019 2286 et
1048 2245 1188 2287 Arios
1223 2254 1266 2287 et
1293 2243 1522 2296 Arianos,
1559 2258 1614 2286 ex
1646 2243 1902 2298 Strabone,
1932 2244 2208 2294 Ptolemaeo,

480 2329 525 2363 et
555 2319 729 2374 Plinio,
762 2336 811 2362 vl
831 2354 842 2374 ‚
887 2319 970 2375 25,
1008 2321 1087 2379 qui
1120 2321 1187 2364 ibi
1221 2320 1465 2379 distinguit
1494 2320 1634 2362 Arios
1670 2328 1714 2363 et
1746 2321 1987 2362 Arianos:
2017 2317 2205 2371 Parthi,

479 2397 657 2456 inquit,
689 2396 862 2440 habent
886 2397 945 2440 ab
969 2406 1070 2440 ortu
1102 2399 1262 2452 Arios,
1301 2414 1332 2440 a
1367 2398 1556 2440 meridie
1590 2397 1890 2440 Carmaniam
1915 2407 1959 2440 et
1988 2396 2207 2439 Arianos.

481 2475 665 2518 Etenim
698 2483 742 2518 et
772 2475 987 2517 Ariorum
1020 2474 1213 2518 nomine
1237 2474 1480 2533 peculiaris
1511 2473 1711 2532 satrapia
1742 2473 2039 2532 intelligitur,
2072 2487 2211 2531 quam

479 2551 676 2606 Strabo,
723 2552 995 2595 Ptolemaeus
1049 2552 1219 2610 aliique
1251 2552 1413 2595 Ariam
1455 2552 1708 2610 appellant.
1744 2549 1975 2593 Nonnulli
2011 2558 2210 2608 quatuor

481 2628 727 2686 satrapias,
772 2628 1029 2682 Gedrosos,
1065 2628 1346 2682 Arachotas,
1378 2627 1534 2683 Arios,
1577 2626 1959 2686 Paropamisadas
1993 2626 2209 2669 Ariorum

482 2719 579 2748 esse
604 2713 814 2759 censent3
847 2714 982 2763 atque
1005 2704 1054 2747 hi
1075 2704 1232 2767 Apamoi
1254 2705 1496 2764 Dionysio.
1526 2706 1657 2748 Hanc
1686 2703 2061 2748 emendationem
2086 2703 2210 2745 Bon—

482 2782 622 2840 garsii
659 2780 903 2825 confirmat
944 2791 988 2825 et
1024 2783 1270 2827 Salmasius
1302 2783 1351 2825 in
1386 2782 1612 2826 Solinum.
1648 2782 1716 2824 Cl.
1749 2779 1992 2824 D'Anville
2025 2795 2210 2837 quoque

483 2859 620 2901 Arios
651 2859 854 2917 populos
893 2867 938 2902 et
972 2859 1202 2912 Arianos,
1238 2860 1406 2902 Ariam
1441 2867 1487 2902 et
1517 2859 1747 2901 Arianam
1780 2856 1994 2914 regiones
2042 2855 2209 2898 distin—

483 2935 595 2994 guit.
632 2937 689 2978 In
722 2936 839 2979 Aria
863 2935 1150 2979 mentionem
1183 2936 1291 2980 facit
1321 2938 1450 2980 Arioe
1467 2935 1597 2978 urbis
1625 2932 1880 2993 primariae,
1913 2932 2037 2991 apud
2075 2933 2208 2975 Arios

484 3014 754 3056 Artacoanae
777 3012 897 3055 sedis
923 3012 1085 3071 regiae,
1117 3022 1162 3056 et
1192 3011 1323 3056 fluvii
1351 3013 1478 3066 Arii,
1508 3019 1553 3055 et
1578 3011 1709 3053 Arz'ae
1734 3009 1936 3067 paludis,
1963 3017 2008 3052 et
2038 3008 2200 3052 Arias-
2223 3038 2226 3044 ,

478 3105 667 3146 parum.
705 3089 811 3131 Arii
842 3104 1015 3132 nomen
1039 3088 1191 3132 sortiti
1218 3098 1349 3143 sunt,
1378 3088 1493 3132 sicut
1520 3087 1692 3129 Ariani
1723 3094 1768 3129 et
1805 3087 2053 3144 Ariaspoe,
2091 3084 2208 3127 sieut

487 3175 532 3208 et
564 3168 838 3218 Arimanes,
858 3178 902 3209 et
932 3166 1201 3210 Ariarathes
1239 3176 1281 3209 et
1318 3165 1678 3213 Ariobarzanes,
1714 3163 1772 3205 ab
1801 3170 1920 3224 ἄρεα-,ι
1951 3162 2026 3204 vel
2060 3165 2210 3222 ἀρηΐω,

487 3243 667 3297 Martii,
701 3243 748 3286 id
782 3252 847 3286 est
876 3244 1039 3287 Martis
1070 3245 1283 3287 cultores.
1319 3241 1575 3291 Arianias,
1612 3239 1735 3295 eujus
1767 3253 1941 3281 nomen
1970 3237 2118 3280 oritur
2151 3235 2211 3278 ab

489 3319 649 3361 eadem
680 3336 794 3363 voce
835 3321 908 3363 vel
952 3321 1010 3362 ab
1055 3321 1236 3371 Ariani,
1271 3320 1344 3360 vel
1384 3318 1442 3359 ab
1476 3323 1637 3378 ἀρείων,
1661 3315 1953 3373 praestantior
1981 3314 2210 3365 bellator,
