2248 3697
352 262 410 306 56
1098 260 1330 304 JUSTINI

348 368 497 441 jussu
545 364 685 438 regis
734 363 1103 440 cogebantur3
1152 363 1560 435 ministeriaque
1606 359 1904 427 uxoribUS,
1953 380 2071 433 quae
2111 358 2114 360 ’

351 465 479 538 ipsis
516 474 673 516 antea
706 462 824 516 fieri
862 460 1136 531 solebant,
1168 461 1360 515 facere.
1402 460 1596 533 Neque
1633 459 1748 511 haec
1785 469 1910 511 ante
1951 478 2071 511 mu-

352 573 464 615 tata
513 574 672 629 sunt,
722 581 886 636 quam
937 560 1296 635 ignominiam
1347 556 1489 611 bello
1537 569 1820 631 acceptam
1866 556 2071 609 virtute

355 659 615 714 delerent.

430 760 526 814 IV.
573 760 751 835 Igitur
777 762 1028 827 PerseUS,
1053 778 1224 831 quum
1246 758 1477 831 imperio
1501 756 1741 832 Philippi
1767 757 1937 832 patris
1961 776 2081 810 suc—

356 858 626 928 cessisset,
659 877 848 911 omnes
879 857 977 910 has
1006 867 1192 931 gentes
1226 855 1485 909 adversus
1515 859 1793 909 Romanos
1824 856 1880 909 in
1917 856 2082 910 socie-

357 969 524 1013 tatem
550 955 677 1011 belli
707 954 1045 1010 sollicitabat.
1075 954 1306 1008 Interim
1334 955 1475 1007 inter
1498 954 1750 1007 Prusiam
1773 975 1986 1030 regem,
2016 955 2084 1008 ad

357 1077 517 1132 quem
560 1053 797 1111 Annibal
830 1066 952 1129 post
994 1074 1183 1130 pacem
1212 1054 1485 1110 Antiocho
1525 1074 1554 1107 a
1599 1054 1862 1107 Romanis
1899 1053 2080 1107 datam

358 1155 707 1232 profugerat,
739 1166 792 1208 et
822 1156 1125 1208 Eumenem
1160 1151 1363 1207 bellum
1400 1165 1585 1206 ortum
1618 1163 1729 1221 est,
1764 1152 1912 1226 quod
1942 1155 2084 1206 Pru-

358 1259 494 1325 siaS,
555 1253 838 1310 Annibalis
893 1252 1094 1308 fiducia
1149 1265 1312 1328 rupto
1372 1252 1604 1319 foedere,
1671 1254 1817 1326 prior
1877 1249 2083 1306 intulit.

358 1357 611 1430 Namque
654 1353 927 1424 Annibal,
971 1373 1143 1428 quum
1193 1353 1258 1406 ab
1300 1353 1572 1407 Antiocho
1621 1352 1889 1418 Romani,
1942 1351 2085 1404 inter

360 1467 565 1510 ceteras
600 1453 941 1508 conditiones
973 1453 1147 1527 pacis,
1181 1451 1520 1505 deditionem⁴
1551 1451 1663 1524 ejus
1698 1449 2088 1524 deposcerent,

363 1555 676 1610 admonitus
709 1574 738 1606 a
768 1573 919 1628 rege,
948 1553 1005 1605 in
1032 1551 1216 1627 fugam
1249 1571 1435 1604 versus
1466 1552 1686 1605 Cretam
1720 1548 1977 1602 defertur.
2009 1547 2092 1601 Ibi

363 1675 532 1730 quum
557 1654 651 1708 diu
676 1653 917 1728 quietam
945 1652 1112 1706 vitam
1137 1651 1352 1726 egisset,
1382 1648 1824 1722 invidiosumque
1852 1667 1906 1701 se
1927 1668 2092 1723 prop-

364 1769 447 1811 ter
487 1756 682 1808 nimias
720 1773 850 1828 opes
887 1751 1122 1820 videret,
1163 1750 1457 1828 amphoras
1499 1748 1725 1824 plumbo
1761 1747 1995 1824 repletas
2038 1749 2092 1800 in

366 1855 571 1932 templo
611 1855 834 1919 Dianae,
877 1852 1031 1927 quasi
1066 1850 1300 1905 fortunae
1339 1870 1446 1903 suae
1490 1848 1770 1924 praesidia,
1810 1848 2037 1923 deponit
2080 1869 2089 1900 :

370 1968 528 2031 atque
559 1953 680 2008 ideo
713 1950 847 2006 nihil
881 1950 946 2005 de
977 1948 1069 2004 illo
1109 1947 1338 2003 sollicita
1373 1949 1618 2016 civitate,
1654 1948 1912 2022 quoniam
1945 1944 2097 2001 velut

370 2057 567 2132 pignus
605 2073 731 2128 opes
772 2052 885 2127 ejus
923 2049 1168 2116 tenebat,
1210 2047 1279 2101 ad
1317 2048 1568 2102 Prusiam
1607 2047 1921 2115 contendit,
1959 2067 2095 2100 auro

370 2176 467 2210 suo
490 2156 545 2208 in
570 2154 786 2221 statuiS,
810 2172 943 2226 quas
963 2170 1143 2204 secum
1166 2148 1447 2224 portabat,
1472 2147 1674 2218 infusO,
1700 2169 1766 2201 ne
1790 2159 2096 2223 conspectae

372 2275 500 2331 opes
527 2255 649 2307 vitae
676 2262 950 2306 nocerent.
978 2249 1120 2304 Dein
1147 2268 1317 2323 quum
1343 2249 1561 2301 Prusias
1591 2249 1836 2302 terrestri
1861 2246 2004 2302 bello
2031 2248 2098 2301 ah

373 2357 615 2409 Eumene
646 2353 820 2405 victus
856 2361 1018 2419 esset,
1052 2360 1104 2402 et
1134 2345 1390 2423 proelium
1423 2348 1477 2400 in
1514 2368 1664 2401 mare
1699 2346 2097 2414 transtulisset,

381 2450 612 2507 Annibal
661 2471 805 2503 novo
845 2460 1157 2502 commento
1194 2457 1387 2501 auctor
1440 2447 1679 2500 victoriae
1726 2446 1845 2500 fuit.
1879 2446 2100 2521 Quippe

377 2572 537 2606 omne
569 2550 905 2624 serpentium
936 2568 1104 2622 genus
1137 2549 1189 2600 in
1223 2544 1412 2600 fictiles
1441 2544 1657 2622 lagenas
1689 2546 1885 2620 conjici
1911 2546 2100 2620 jussit,

377 2649 667 2724 medioque
713 2646 904 2722 proelio
952 2648 1006 2699 in
1053 2666 1215 2699 naves
1260 2645 1500 2699 hostium
1540 2646 1698 2698 mitti.
1748 2644 1809 2698 Id
1860 2647 2101 2719 primum

380 2749 620 2804 Ponticis
651 2744 945 2800 ridiculum
977 2746 1178 2809 visum,
1215 2743 1469 2798 fictilibus
1507 2743 1788 2810 dimicare,
1824 2745 1916 2818 qui
1957 2744 2102 2796 ferro

382 2858 668 2922 nequeant.
703 2844 806 2899 Sed
834 2845 929 2899 ubi
960 2844 1300 2920 serpentibus
1325 2841 1521 2918 repleri
1553 2863 1715 2896 naves
1740 2864 1978 2919 coepere,
2010 2863 2106 2896 an-

384 2947 533 3022 cipiti
560 2944 802 3021 periculo
827 2943 1211 3010 circumventi,
1234 2943 1378 2996 hosti
1402 2943 1690 2995 victoriam
1717 2962 1940 2996 cessere.
1967 2943 2105 3013 Quae

386 3046 478 3099 ubi
510 3049 745 3100 Romam
785 3044 1038 3097 nuntiata
1077 3053 1229 3109 sunt,
1269 3041 1416 3094 missi
1454 3061 1483 3093 a
1521 3052 1711 3094 senatu
1746 3039 1910 3116 legati
1948 3052 2105 3109 sunt,

386 3147 481 3219 qui
502 3158 796 3219 utrumque
823 3163 1006 3218 rogem
1048 3144 1102 3195 in
1142 3160 1330 3215 pacem
1355 3150 1639 3213 cogerent,
1669 3139 2106 3214 Annibalemquc

390 3243 756 3319 deposcerent.
800 3240 905 3297 Sed
937 3238 1198 3307 Annibal,
1238 3259 1293 3291 re
1327 3236 1575 3311 cognita,
1616 3250 1835 3312 sumpto
1873 3257 2106 3306 venenu,
