2315 3868
398 395 414 421 1
428 378 485 421 35
979 380 1163 423 NOTAE
1201 380 1265 423 IN
1303 381 1327 423 J
1333 381 1539 425 USTINI

392 484 568 535 lasiae,
606 496 694 540 pro
727 481 853 526 me're
889 470 1139 538 Eleusine,
1171 494 1318 528 mater
1349 485 1594 542 Eleusina,
1623 487 1781 544 dictae,
1819 499 1864 532 et
1891 490 1940 533 in
1972 501 2120 536 castro

390 559 630 618 Lusignan
671 559 746 602 vel
781 560 1118 614 Ekusiniano,
1162 561 1222 604 ab
1255 561 1377 619 ipsa,
1407 571 1456 605 ut
1493 562 1676 619 ferunt,
1712 565 1936 621 condito,
1969 569 2123 621 cultae,

390 636 772 692 celebrabantur,
803 637 1074 695 scelestique
1115 638 1290 696 expiati
1333 647 1477 683 erant.
1521 641 1637 685 Vide
1671 651 1806 686 notas
1845 652 2027 688 nostras
2074 645 2123 687 in

388 712 470 755 lib.
497 729 550 755 vr
584 714 720 769 Caes.,
747 714 807 757 de
841 715 976 759 Bello
1004 715 1159 768 Gall„
1190 731 1227 758 c.
1253 730 1309 758 10
1339 725 1384 759 et
1409 724 1484 769 24.

461 788 678 832 Cimbrici
697 790 811 833 belli
822 792 1047 833 tumultus.
1075 790 1259 834 Tacitus
1284 793 1584 836 Germaniam
1608 795 1876 839 describens
1902 816 1911 841 ε
1938 817 1955 835 «
1977 796 2122 839 Eum-

389 865 525 919 dem,
563 865 736 924 inquit,
779 865 1041 910 Germaniae
1082 866 1237 910 sinum
1269 868 1475 926 proximi
1505 872 1696 915 Oceano
1735 871 1908 916 Cimbri
1937 882 2125 929 tenent,

388 957 534 1000 parva
568 957 693 986 nunc
728 941 911 997 civitas,
935 942 1018 985 sed
1042 943 1192 1001 gloria
1215 943 1407 1002 ingens,
1441 947 1704 1005 veterisque
1734 948 1868 992 famae
1899 950 1990 993 late
2018 965 2126 993 ves—

388 1018 503 1076 tigia
543 1026 797 1062 manent....
837 1018 1234 1062 Sexcentesimum
1276 1028 1321 1062 et
1363 1021 1768 1080 quadragesimum
1809 1041 1980 1069 annum
2015 1027 2126 1069 urbs

388 1104 552 1139 nostra
586 1096 775 1154 agebat,
811 1111 952 1154 quum
983 1096 1187 1154 primum
1227 1097 1514 1141 Cimbrorum
1543 1099 1701 1143 audita
1730 1100 1823 1144 sint
1860 1102 2067 1146 nomina.
2108 1125 2125 1141 »

389 1172 545 1216 Etiam
576 1173 852 1216 Ptolemaeus
885 1181 930 1216 et
953 1175 1002 1216 P.
1031 1173 1156 1216 Mela
1182 1173 1479 1218 Cimbrorum
1499 1190 1551 1220 ac
1580 1177 1847 1221 Teutonum
1870 1178 2128 1223 maritima-

389 1241 494 1293 rum
526 1249 772 1293 nationum
805 1249 854 1292 in
893 1250 1211 1309 descriptione
1257 1252 1519 1296 Germaniae
1557 1254 1885 1301 meminerunt.
1925 1256 2125 1309 Cimbri,

393 1342 510 1384 quos
528 1327 596 1370 Cl.
614 1326 863 1370 D’Anville
882 1326 1040 1370 statuit
1071 1328 1119 1370 in
1139 1328 1465 1373 Chersonneso
1490 1330 1721 1375 Cimbrica
1735 1366 1746 1386 ,
1761 1332 1905 1376 hodie
1930 1334 1972 1376 le
1989 1334 2128 1376 Hols-

393 1404 513 1456 teia,
541 1419 673 1447 suum
707 1418 880 1447 nomen
913 1403 1065 1446 sortiti
1088 1412 1194 1446 sunt
1224 1420 1249 1447 a
1274 1420 1423 1463 graeco
1454 1416 1631 1469 χειμερός
1657 1408 1731 1450 vel
1763 1418 1983 1471 χειμέριος,
2008 1410 2126 1468 hye-

391 1479 526 1522 malis
543 1513 554 1534 ,
577 1479 838 1538 hybernus,
862 1479 1069 1533 nubilus,
1087 1481 1362 1534 nebulosus;
1380 1482 1491 1525 inde
1509 1484 1704 1527 tenebroe
1733 1483 1992 1528 Cimmerioe
2013 1501 2130 1543 pro-

392 1556 559 1599 verbio
592 1556 833 1599 celebratae
857 1569 944 1613 pro
974 1555 1247 1599 densissima
1280 1557 1502 1615 caligine,
1539 1567 1583 1601 et
1617 1558 1857 1601 Cimmerii
1881 1562 2011 1603 lacus
2040 1576 2129 1618 pro

393 1632 564 1691 Stygiis
587 1633 662 1675 vel
686 1631 946 1686 Tartareis3
969 1631 1080 1676 inde
1115 1632 1241 1690 apud
1266 1633 1542 1678 Cimmerios
1562 1634 1759 1678 Ovidius
1783 1636 1948 1679 Somni
1973 1636 2131 1680 sedem

395 1709 615 1762 collocat,
648 1710 866 1763 Metam„
896 1725 935 1752 11
963 1726 970 1751 :

716 1796 784 1832 Est
799 1807 922 1846 prope
939 1793 1168 1834 Cimmerios
1183 1796 1298 1848 longo
1319 1797 1503 1849 spelunca
1520 1810 1669 1835 recessu
1684 1828 1693 1845 ,

562 1912 567 1916 ῃ
716 1865 832 1901 Mons
855 1876 990 1911 cavus,
1009 1863 1138 1916 ignavi
1154 1864 1291 1904 domus
1308 1873 1345 1904 et
1359 1865 1573 1919 penetralia
1589 1867 1735 1906 Somni.

396 1941 472 1985 Sic
507 1941 743 2000 Hybernia
779 1942 839 1985 ab
875 1942 1085 2000 hyberna
1119 1945 1196 1987 vel
1233 1944 1433 2003 hyemali
1466 1945 1682 2002 regione,
1717 1945 1767 1987 id
1813 1954 1881 1988 est
1911 1944 2130 1989 imbrium

397 2026 444 2062 et
480 2018 676 2062 nubium
706 2027 801 2061 tam
840 2034 957 2077 saepe
997 2018 1045 2061 in
1083 2020 1336 2064 Ossianicis
1385 2020 1669 2065 carminibus
1707 2022 2014 2066 laudatorum.
2057 2022 2133 2066 Sic

402 2095 559 2140 Scotia
600 2111 626 2140 a
663 2103 834 2154 σκοτία,
866 2095 1093 2152 tenebrae,
1138 2106 1317 2155 σκότιος,
1364 2098 1653 2142 tenebrosus.
1703 2101 1953 2158 Perperam
1993 2098 2134 2157 igitur

404 2171 580 2216 Cimbri
601 2180 645 2216 et
673 2172 907 2216 Cimmerii
931 2189 956 2216 a
993 2175 1164 2218 Gomer
1184 2170 1295 2232 ipsis
1319 2174 1485 2232 ignoto
1510 2191 1682 2218 nomen
1709 2175 1938 2233 accepisse
1962 2184 2132 2234 putan-

400 2258 500 2304 tur,
531 2258 608 2293 aut
636 2266 660 2292 a
693 2265 807 2293 voce
841 2251 1102 2308 germanica
1132 2251 1348 2309 kemper,
1378 2259 1454 2293 aut
1487 2250 1655 2294 rectius
1680 2249 1919 2309 kiz'mpfer,
1955 2266 2136 2310 pugna-

400 2335 497 2381 tor,
534 2326 697 2385 gallice
734 2326 1016 2386 champion,
1055 2328 1194 2385 paulo
1244 2326 1439 2369 nimium
1486 2327 1685 2382 recenti,
1723 2336 1767 2370 et
1795 2344 1820 2370 a
1844 2343 1958 2371 voce
1991 2328 2136 2371 latina

402 2419 596 2463 campus
613 2403 833 2446 derivata.
854 2404 946 2448 Sed
961 2413 1083 2448 recte
1101 2406 1136 2447 F
1139 2413 1258 2447 estus
1277 2403 1479 2462 scripsit:
1501 2425 1517 2443 ι(
1538 2404 1707 2447 Cimbri
1718 2405 1875 2463 lingua
1893 2405 2056 2463 gallica
2070 2404 2138 2465 (id

404 2488 471 2523 est
499 2479 672 2540 graeca)
702 2481 905 2523 latrones
937 2480 1167 2523 dicuntur.
1194 2502 1210 2517 υ
1230 2481 1286 2522 Et
1311 2480 1516 2538 Scaliger
1544 2497 1551 2522 ι
1586 2502 1602 2518 «
1631 2480 1809 2525 Cimbri
1836 2486 2040 2544 λῃστρικοὶ
2067 2487 2136 2528 καὶ

404 2565 601 2611 πλάνητες
618 2557 819 2600 fuerunt.
838 2578 855 2595 ³>
879 2557 1050 2601 Cimbri
1063 2557 1182 2600 forte
1201 2558 1404 2600 latrones
1417 2557 1528 2601 dicti
1547 2566 1694 2612 erunt,
1707 2557 1813 2616 quia
1823 2557 1982 2616 piratae
1993 2567 2137 2611 erant,

405 2633 471 2676 uti
500 2633 763 2677 Normanni
796 2643 957 2692 postea
976 2668 986 2688 ,
1005 2634 1115 2677 etin
1132 2635 1336 2677 tenebris
1351 2634 1670 2694 Hyperboreis
1690 2634 1946 2692 degebant;
1961 2634 2077 2676 sicut
2095 2642 2140 2676 et

411 2708 663 2762 Cimmerii,
695 2709 861 2768 populi
885 2710 1028 2753 Italiae
1053 2710 1111 2753 ad
1129 2711 1351 2754 Baianum
1375 2711 1526 2754 sinum
1544 2719 1588 2753 et
1611 2713 1843 2753 Avernum
1868 2711 2038 2762 lacum,
2059 2708 2140 2766 qui

407 2795 507 2829 toto
527 2785 600 2830 die
618 2786 667 2828 in
684 2786 995 2830 subterraneis
1021 2787 1270 2830 domiciliis
1296 2788 1638 2841 delitescentes,
1661 2795 1801 2829 noctu
1820 2786 1879 2829 ad
1897 2785 2138 2829 latrocinia

409 2862 768 2921 egrediebantur
778 2879 789 2917 3
815 2863 931 2906 sicut
954 2864 1290 2923 Loe.›⁶tr123071e.v,
1319 2879 1342 2907 a
1360 2872 1586 2927 {yfir-5⁸:223,
1603 2861 1929 2921 praedatorius,
1955 2869 1999 2905 et
2012 2869 2140 2923 γόης,

410 2940 619 2994 soboles,
664 2940 828 2998 populi
873 2940 1213 2995 immanissimi,
1255 2942 1464 2984 Formias
1499 2939 1759 2997 Campaniae
1800 2939 1961 2981 urbem
1998 2938 2136 2981 inco—

411 3018 579 3070 lentes,
615 3032 729 3074 quos
771 3016 975 3071 Plinius,
1008 3018 1034 3058 l.
1071 3032 1170 3071 v11,
1197 3017 1339 3060 tradit
1368 3018 1569 3060 humana
1601 3030 1738 3058 carne
1781 3014 2034 3069 victitasse,
2071 3014 2139 3057 uti

413 3093 589 3136 Cimbri
629 3093 718 3150 ipsi
761 3094 836 3136 vel
876 3093 1025 3147 Scoti,
1057 3093 1332 3152 Hieronymi
1369 3102 1608 3151 tempore,
1641 3091 1765 3149 apud
1801 3091 2020 3134 Treviros
2057 3091 2141 3134 de—

414 3178 584 3226 gentes.
618 3189 634 3207 «
668 3168 788 3224 Quia
826 3170 939 3212 tales
968 3170 1148 3212 {uerunt
1186 3186 1247 3212 eae
1279 3169 1517 3222 nationes,
1543 3177 1590 3209 ut
1623 3167 1683 3209 ait
1715 3169 1754 3210 J.
1788 3169 2050 3220 Pontanus,
2084 3166 2140 3209 dc

416 3261 567 3288 earum
595 3245 784 3288 nomine
807 3261 1023 3288 vocamus
1050 3246 1128 3303 qui
1153 3248 1265 3289 tales
1291 3254 1408 3289 sunt.
1430 3266 1447 3282 ν
1468 3244 1542 3287 Sic
1567 3244 1781 3286 dicuntur
1807 3244 1968 3287 eadem
1993 3243 2140 3285 forma

417 3323 594 3374 Isauri,
623 3323 809 3380 piratae‚
859 3322 938 3365 lib.
977 3338 1055 3377 20,
1094 3323 1206 3366 Cod.
1242 3324 1300 3364 (le
1331 3322 1506 3373 Feriis,
1548 3321 1824 3372 Ambrones,
1857 3318 2069 3362 dissoluti
2097 3327 2141 3360 et

418 3398 562 3456 turpis
593 3398 696 3440 vit-‘e
730 3399 968 3454 homines,
996 3399 1119 3458 apud
1152 3400 1356 3453 Festum,
1384 3398 1491 3440 inde
1526 3397 1690 3456 glossis
1723 3396 1918 3451 Isidori,
1941 3395 2135 3445 Ambm,
