<?xml version="1.0" encoding="UTF-8"?>
<!DOCTYPE html PUBLIC "-//W3C//DTD XHTML 1.0 Transitional//EN"
    "http://www.w3.org/TR/xhtml1/DTD/xhtml1-transitional.dtd">
<html xmlns="http://www.w3.org/1999/xhtml" xml:lang="en" lang="en">
 <head>
  <title>
</title>
<meta http-equiv="Content-Type" content="text/html;charset=utf-8" />
  <meta name='ocr-system' content='tesseract 3.04.00' />
  <meta name='ocr-capabilities' content='ocr_page ocr_carea ocr_par ocr_line ocrx_word'/>
</head>
<body>
  <div class='ocr_page' id='page_1' title='image "./historiarumphili00justuoft_0169.png"; bbox 0 0 2315 3868; ppageno 0'>
   <div class='ocr_carea' id='block_1_1' title="bbox 831 348 1931 404">
    <p class='ocr_par' dir='ltr' id='par_1_1' title="bbox 831 348 1931 404">
     <span class='ocr_line' id='line_1_1' title="bbox 831 348 1931 404; baseline -0.012 0"><span class='ocrx_word' id='word_1_1' title='bbox 831 361 1069 404; x_wconf 83' lang='lat' dir='ltr'>LIBRUM</span> <span class='ocrx_word' id='word_1_2' title='bbox 1108 360 1280 403; x_wconf 86' lang='lat' dir='ltr'>XLIII.</span> <span class='ocrx_word' id='word_1_3' title='bbox 1844 365 1861 392; x_wconf 93' lang='lat'>1</span> <span class='ocrx_word' id='word_1_4' title='bbox 1875 348 1931 392; x_wconf 79' lang='lat'>53</span> 
     </span>
    </p>
   </div>
   <div class='ocr_carea' id='block_1_2' title="bbox 203 456 1937 676">
    <p class='ocr_par' dir='ltr' id='par_1_2' title="bbox 203 456 1937 676">
     <span class='ocr_line' id='line_1_2' title="bbox 203 456 1933 525; baseline -0.008 -15"><span class='ocrx_word' id='word_1_5' title='bbox 203 466 453 525; x_wconf 85' lang='lat' dir='ltr'>percalium</span> <span class='ocrx_word' id='word_1_6' title='bbox 490 465 718 523; x_wconf 87' lang='lat' dir='ltr'>originem</span> <span class='ocrx_word' id='word_1_7' title='bbox 767 478 823 506; x_wconf 91' lang='lat' dir='ltr'>eo</span> <span class='ocrx_word' id='word_1_8' title='bbox 864 461 1026 516; x_wconf 84' lang='lat' dir='ltr'><strong>refert,</strong></span> <span class='ocrx_word' id='word_1_9' title='bbox 1067 461 1196 519; x_wconf 90' lang='lat' dir='ltr'>quod</span> <span class='ocrx_word' id='word_1_10' title='bbox 1229 460 1433 502; x_wconf 84' lang='lat' dir='ltr'>Romani</span> <span class='ocrx_word' id='word_1_11' title='bbox 1458 456 1674 502; x_wconf 82' lang='lat' dir='ltr'>beneficii</span> <span class='ocrx_word' id='word_1_12' title='bbox 1704 469 1933 498; x_wconf 75' lang='lat' dir='ltr'>memores</span> 
     </span>
     <span class='ocr_line' id='line_1_3' title="bbox 203 532 1935 601; baseline -0.008 -15"><span class='ocrx_word' id='word_1_13' title='bbox 203 541 395 601; x_wconf 89' lang='lat' dir='ltr'>praestiti</span> <span class='ocrx_word' id='word_1_14' title='bbox 419 557 441 583; x_wconf 85' lang='lat' dir='ltr'>a</span> <span class='ocrx_word' id='word_1_15' title='bbox 478 542 611 599; x_wconf 89' lang='lat' dir='ltr'>lupa,</span> <span class='ocrx_word' id='word_1_16' title='bbox 645 540 693 582; x_wconf 92' lang='lat' dir='ltr'>in</span> <span class='ocrx_word' id='word_1_17' title='bbox 721 538 974 582; x_wconf 80' lang='lat' dir='ltr'>educandis</span> <span class='ocrx_word' id='word_1_18' title='bbox 1004 537 1124 580; x_wconf 89' lang='lat' dir='ltr'>divis</span> <span class='ocrx_word' id='word_1_19' title='bbox 1155 536 1438 589; x_wconf 86' lang='lat' dir='ltr'>infantibus,</span> <span class='ocrx_word' id='word_1_20' title='bbox 1464 534 1667 578; x_wconf 85' lang='lat' dir='ltr'>Romulo</span> <span class='ocrx_word' id='word_1_21' title='bbox 1696 540 1741 575; x_wconf 90' lang='lat' dir='ltr'>et</span> <span class='ocrx_word' id='word_1_22' title='bbox 1763 532 1935 582; x_wconf 83' lang='lat' dir='ltr'>Remo,</span> 
     </span>
     <span class='ocr_line' id='line_1_4' title="bbox 205 607 1937 676; baseline -0.008 -15"><span class='ocrx_word' id='word_1_23' title='bbox 205 620 429 676; x_wconf 89' lang='lat' dir='ltr'>templum</span> <span class='ocrx_word' id='word_1_24' title='bbox 447 616 516 660; x_wconf 91' lang='lat' dir='ltr'>illi</span> <span class='ocrx_word' id='word_1_25' title='bbox 533 615 843 660; x_wconf 87' lang='lat' dir='ltr'>exstruxerint</span> <span class='ocrx_word' id='word_1_26' title='bbox 860 615 919 657; x_wconf 89' lang='lat' dir='ltr'>ad</span> <span class='ocrx_word' id='word_1_27' title='bbox 942 614 1101 657; x_wconf 88' lang='lat' dir='ltr'><strong>Ficum</strong></span> <span class='ocrx_word' id='word_1_28' title='bbox 1119 612 1416 655; x_wconf 76' lang='lat' dir='ltr'><em>Ruminalem</em></span> <span class='ocrx_word' id='word_1_29' title='bbox 1440 607 1483 669; x_wconf 85' lang='lat' dir='ltr'>(a</span> <span class='ocrx_word' id='word_1_30' title='bbox 1507 623 1636 651; x_wconf 87' lang='lat' dir='ltr'>ruma</span> <span class='ocrx_word' id='word_1_31' title='bbox 1661 623 1739 650; x_wconf 88' lang='lat' dir='ltr'>seu</span> <span class='ocrx_word' id='word_1_32' title='bbox 1763 608 1937 656; x_wconf 85' lang='lat' dir='ltr'>Roma,</span> 
     </span>
    </p>
   </div>
   <div class='ocr_carea' id='block_1_3' title="bbox 203 683 1939 830">
    <p class='ocr_par' dir='ltr' id='par_1_3' title="bbox 203 683 1939 830">
     <span class='ocr_line' id='line_1_5' title="bbox 204 683 1939 752; baseline -0.009 -14"><span class='ocrx_word' id='word_1_33' title='bbox 204 695 254 739; x_wconf 88' lang='lat' dir='ltr'>id</span> <span class='ocrx_word' id='word_1_34' title='bbox 288 703 356 738; x_wconf 91' lang='lat' dir='ltr'>est</span> <span class='ocrx_word' id='word_1_35' title='bbox 382 695 491 752; x_wconf 91' lang='lat' dir='ltr'>lupa</span> <span class='ocrx_word' id='word_1_36' title='bbox 522 707 684 736; x_wconf 91' lang='lat' dir='ltr'>eorum</span> <span class='ocrx_word' id='word_1_37' title='bbox 714 691 893 735; x_wconf 89' lang='lat' dir='ltr'>nutrice</span> <span class='ocrx_word' id='word_1_38' title='bbox 924 691 988 734; x_wconf 89' lang='lat' dir='ltr'>sic</span> <span class='ocrx_word' id='word_1_39' title='bbox 1012 687 1240 750; x_wconf 89' lang='lat' dir='ltr'>dictum),</span> <span class='ocrx_word' id='word_1_40' title='bbox 1264 686 1396 746; x_wconf 92' lang='lat' dir='ltr'>quod</span> <span class='ocrx_word' id='word_1_41' title='bbox 1420 694 1488 729; x_wconf 91' lang='lat' dir='ltr'>est</span> <span class='ocrx_word' id='word_1_42' title='bbox 1523 684 1807 743; x_wconf 86' lang='lat' dir='ltr'>appellatum</span> <span class='ocrx_word' id='word_1_43' title='bbox 1840 683 1939 724; x_wconf 91' lang='lat' dir='ltr'>Lu-</span> 
     </span>
     <span class='ocr_line' id='line_1_6' title="bbox 203 768 772 830; baseline -0.007 -16"><span class='ocrx_word' id='word_1_44' title='bbox 203 772 383 830; x_wconf 84' lang='lat' dir='ltr'>percal.</span> <span class='ocrx_word' id='word_1_45' title='bbox 415 769 490 813; x_wconf 88' lang='lat' dir='ltr'>Sic</span> <span class='ocrx_word' id='word_1_46' title='bbox 522 768 647 812; x_wconf 90' lang='lat' dir='ltr'>enim</span> <span class='ocrx_word' id='word_1_47' title='bbox 675 768 739 811; x_wconf 87' lang='lat' dir='ltr'>ait</span> <span class='ocrx_word' id='word_1_48' title='bbox 763 785 772 810; x_wconf 92' lang='lat'>:</span> 
     </span>
    </p>
   </div>
   <div class='ocr_carea' id='block_1_4' title="bbox 501 876 1438 1004">
    <p class='ocr_par' dir='ltr' id='par_1_4' title="bbox 501 876 1438 1004">
     <span class='ocr_line' id='line_1_7' title="bbox 501 876 1438 934; baseline -0.006 -13"><span class='ocrx_word' id='word_1_49' title='bbox 501 884 571 921; x_wconf 86' lang='lat' dir='ltr'>Illa</span> <span class='ocrx_word' id='word_1_50' title='bbox 595 883 681 922; x_wconf 93' lang='lat' dir='ltr'>loco</span> <span class='ocrx_word' id='word_1_51' title='bbox 696 896 840 921; x_wconf 87' lang='lat' dir='ltr'>nomen</span> <span class='ocrx_word' id='word_1_52' title='bbox 861 882 950 921; x_wconf 84' lang='lat' dir='ltr'>feeit</span> <span class='ocrx_word' id='word_1_53' title='bbox 968 913 978 930; x_wconf 92' lang='lat'>,</span> <span class='ocrx_word' id='word_1_54' title='bbox 996 883 1101 921; x_wconf 90' lang='lat' dir='ltr'>locus</span> <span class='ocrx_word' id='word_1_55' title='bbox 1117 881 1200 934; x_wconf 87' lang='lat' dir='ltr'>ipse</span> <span class='ocrx_word' id='word_1_56' title='bbox 1217 876 1438 934; x_wconf 83' lang='lat' dir='ltr'>Lupercal,</span> 
     </span>
     <span class='ocr_line' id='line_1_8' title="bbox 560 948 1431 1004; baseline -0.006 -13"><span class='ocrx_word' id='word_1_57' title='bbox 560 955 706 1004; x_wconf 84' lang='lat' dir='ltr'>Magna</span> <span class='ocrx_word' id='word_1_58' title='bbox 726 952 805 991; x_wconf 86' lang='lat' dir='ltr'>dati</span> <span class='ocrx_word' id='word_1_59' title='bbox 829 952 964 991; x_wconf 79' lang='lat' dir='ltr'>nutrix</span> <span class='ocrx_word' id='word_1_60' title='bbox 992 950 1152 1004; x_wconf 76' lang='lat' dir='ltr'>praemia</span> <span class='ocrx_word' id='word_1_61' title='bbox 1171 948 1280 988; x_wconf 88' lang='lat' dir='ltr'>lactis</span> <span class='ocrx_word' id='word_1_62' title='bbox 1297 948 1431 986; x_wconf 73' lang='lat' dir='ltr'>habet.</span> 
     </span>
    </p>
   </div>
   <div class='ocr_carea' id='block_1_5' title="bbox 212 1059 1969 2885">
    <p class='ocr_par' dir='ltr' id='par_1_5' title="bbox 212 1059 1960 2504">
     <span class='ocr_line' id='line_1_9' title="bbox 212 1059 1942 1128; baseline -0.008 -15"><span class='ocrx_word' id='word_1_63' title='bbox 212 1069 397 1128; x_wconf 86' lang='lat' dir='ltr'>Templi</span> <span class='ocrx_word' id='word_1_64' title='bbox 434 1069 567 1126; x_wconf 90' lang='lat' dir='ltr'>hujus</span> <span class='ocrx_word' id='word_1_65' title='bbox 606 1069 890 1124; x_wconf 81' lang='lat' dir='ltr'>sacerdotes,</span> <span class='ocrx_word' id='word_1_66' title='bbox 922 1077 1108 1112; x_wconf 89' lang='lat' dir='ltr'>auctore</span> <span class='ocrx_word' id='word_1_67' title='bbox 1142 1068 1378 1118; x_wconf 83' lang='lat' dir='ltr'>Varrone,</span> <span class='ocrx_word' id='word_1_68' title='bbox 1413 1062 1687 1106; x_wconf 84' lang='lat' dir='ltr'>dicebantur</span> <span class='ocrx_word' id='word_1_69' title='bbox 1719 1059 1942 1118; x_wconf 82' lang='lat' dir='ltr'>Luperci,</span> 
     </span>
     <span class='ocr_line' id='line_1_10' title="bbox 216 1135 1946 1205; baseline -0.008 -16"><span class='ocrx_word' id='word_1_70' title='bbox 216 1147 296 1205; x_wconf 87' lang='lat' dir='ltr'>qui</span> <span class='ocrx_word' id='word_1_71' title='bbox 329 1146 443 1190; x_wconf 91' lang='lat' dir='ltr'>nudi</span> <span class='ocrx_word' id='word_1_72' title='bbox 474 1162 572 1190; x_wconf 91' lang='lat' dir='ltr'>rem</span> <span class='ocrx_word' id='word_1_73' title='bbox 612 1147 819 1190; x_wconf 88' lang='lat' dir='ltr'>divinam</span> <span class='ocrx_word' id='word_1_74' title='bbox 864 1145 1086 1204; x_wconf 83' lang='lat' dir='ltr'>agebant,</span> <span class='ocrx_word' id='word_1_75' title='bbox 1120 1158 1297 1202; x_wconf 88' lang='lat' dir='ltr'>perque</span> <span class='ocrx_word' id='word_1_76' title='bbox 1333 1141 1462 1184; x_wconf 87' lang='lat' dir='ltr'>vicos</span> <span class='ocrx_word' id='word_1_77' title='bbox 1502 1138 1628 1182; x_wconf 81' lang='lat' dir='ltr'>urhis</span> <span class='ocrx_word' id='word_1_78' title='bbox 1657 1146 1701 1181; x_wconf 91' lang='lat' dir='ltr'>et</span> <span class='ocrx_word' id='word_1_79' title='bbox 1744 1135 1946 1193; x_wconf 85' lang='lat' dir='ltr'>compita</span> 
     </span>
     <span class='ocr_line' id='line_1_11' title="bbox 216 1210 1948 1281; baseline -0.008 -14"><span class='ocrx_word' id='word_1_80' title='bbox 216 1224 548 1277; x_wconf 86' lang='lat' dir='ltr'>discursantes,</span> <span class='ocrx_word' id='word_1_81' title='bbox 577 1223 779 1281; x_wconf 90' lang='lat' dir='ltr'>pellibus</span> <span class='ocrx_word' id='word_1_82' title='bbox 808 1223 856 1264; x_wconf 91' lang='lat' dir='ltr'>in</span> <span class='ocrx_word' id='word_1_83' title='bbox 881 1221 1074 1265; x_wconf 87' lang='lat' dir='ltr'>scuticas</span> <span class='ocrx_word' id='word_1_84' title='bbox 1104 1218 1338 1272; x_wconf 88' lang='lat' dir='ltr'>dissectis,</span> <span class='ocrx_word' id='word_1_85' title='bbox 1364 1216 1526 1260; x_wconf 87' lang='lat' dir='ltr'>obvias</span> <span class='ocrx_word' id='word_1_86' title='bbox 1554 1228 1758 1272; x_wconf 85' lang='lat' dir='ltr'>quasque</span> <span class='ocrx_word' id='word_1_87' title='bbox 1791 1210 1948 1254; x_wconf 78' lang='lat' dir='ltr'>foemj-</span> 
     </span>
     <span class='ocr_line' id='line_1_12' title="bbox 216 1288 1949 1353; baseline -0.009 -10"><span class='ocrx_word' id='word_1_88' title='bbox 216 1316 298 1343; x_wconf 90' lang='lat' dir='ltr'>nas</span> <span class='ocrx_word' id='word_1_89' title='bbox 314 1300 646 1353; x_wconf 88' lang='lat' dir='ltr'>verberabant,</span> <span class='ocrx_word' id='word_1_90' title='bbox 660 1299 722 1341; x_wconf 84' lang='lat' dir='ltr'>ita</span> <span class='ocrx_word' id='word_1_91' title='bbox 740 1314 815 1342; x_wconf 88' lang='lat' dir='ltr'>eas</span> <span class='ocrx_word' id='word_1_92' title='bbox 832 1297 1070 1340; x_wconf 86' lang='lat' dir='ltr'>foecundas</span> <span class='ocrx_word' id='word_1_93' title='bbox 1087 1295 1191 1338; x_wconf 91' lang='lat' dir='ltr'>fieri</span> <span class='ocrx_word' id='word_1_94' title='bbox 1208 1293 1540 1337; x_wconf 86' lang='lat' dir='ltr'>existimantes.</span> <span class='ocrx_word' id='word_1_95' title='bbox 1557 1290 1695 1333; x_wconf 72' lang='lat' dir='ltr'>&#39;Unde</span> <span class='ocrx_word' id='word_1_96' title='bbox 1713 1298 1758 1332; x_wconf 92' lang='lat' dir='ltr'>et</span> <span class='ocrx_word' id='word_1_97' title='bbox 1779 1288 1949 1346; x_wconf 79' lang='lat' dir='ltr'>Crepos</span> 
     </span>
     <span class='ocr_line' id='line_1_13' title="bbox 218 1363 1949 1433; baseline -0.008 -15"><span class='ocrx_word' id='word_1_98' title='bbox 218 1376 420 1433; x_wconf 84' lang='lat' dir='ltr'>appellat</span> <span class='ocrx_word' id='word_1_99' title='bbox 434 1376 612 1428; x_wconf 89' lang='lat' dir='ltr'>Festus,</span> <span class='ocrx_word' id='word_1_100' title='bbox 630 1390 654 1416; x_wconf 83' lang='lat' dir='ltr'>a</span> <span class='ocrx_word' id='word_1_101' title='bbox 676 1374 853 1432; x_wconf 88' lang='lat' dir='ltr'>crepitu</span> <span class='ocrx_word' id='word_1_102' title='bbox 877 1372 1212 1431; x_wconf 88' lang='lat' dir='ltr'>pellicularum.</span> <span class='ocrx_word' id='word_1_103' title='bbox 1239 1369 1525 1429; x_wconf 80' lang='lat' dir='ltr'>Lupercalia</span> <span class='ocrx_word' id='word_1_104' title='bbox 1546 1383 1571 1410; x_wconf 89' lang='lat' dir='ltr'>a</span> <span class='ocrx_word' id='word_1_105' title='bbox 1589 1365 1811 1425; x_wconf 79' lang='lat' dir='ltr'>Lupercis</span> <span class='ocrx_word' id='word_1_106' title='bbox 1828 1363 1949 1406; x_wconf 90' lang='lat' dir='ltr'>dicta</span> 
     </span>
     <span class='ocr_line' id='line_1_14' title="bbox 219 1439 1952 1510; baseline -0.008 -17"><span class='ocrx_word' id='word_1_107' title='bbox 219 1451 548 1510; x_wconf 82' lang='lat' dir='ltr'>sunt,Luperci</span> <span class='ocrx_word' id='word_1_108' title='bbox 557 1459 711 1493; x_wconf 85' lang='lat' dir='ltr'>autem</span> <span class='ocrx_word' id='word_1_109' title='bbox 729 1466 753 1493; x_wconf 90' lang='lat' dir='ltr'>a</span> <span class='ocrx_word' id='word_1_110' title='bbox 771 1451 892 1509; x_wconf 80' lang='lat' dir='ltr'>lupis</span> <span class='ocrx_word' id='word_1_111' title='bbox 917 1449 1145 1501; x_wconf 79' lang='lat' dir='ltr'>arcendis,</span> <span class='ocrx_word' id='word_1_112' title='bbox 1160 1446 1287 1505; x_wconf 91' lang='lat' dir='ltr'>quod</span> <span class='ocrx_word' id='word_1_113' title='bbox 1307 1445 1542 1489; x_wconf 87' lang='lat' dir='ltr'>celebrato</span> <span class='ocrx_word' id='word_1_114' title='bbox 1560 1440 1787 1486; x_wconf 87' lang='lat' dir='ltr'>sacrificio</span> <span class='ocrx_word' id='word_1_115' title='bbox 1805 1439 1887 1483; x_wconf 90' lang='lat' dir='ltr'>tali</span> <span class='ocrx_word' id='word_1_116' title='bbox 1903 1439 1952 1481; x_wconf 90' lang='lat' dir='ltr'>in</span> 
     </span>
     <span class='ocr_line' id='line_1_15' title="bbox 219 1517 1952 1585; baseline -0.006 -16"><span class='ocrx_word' id='word_1_117' title='bbox 219 1526 356 1570; x_wconf 86' lang='lat' dir='ltr'>Panis</span> <span class='ocrx_word' id='word_1_118' title='bbox 381 1542 459 1570; x_wconf 91' lang='lat' dir='ltr'>seu</span> <span class='ocrx_word' id='word_1_119' title='bbox 483 1528 684 1585; x_wconf 81' lang='lat' dir='ltr'>Luperci</span> <span class='ocrx_word' id='word_1_120' title='bbox 706 1527 962 1580; x_wconf 90' lang='lat' dir='ltr'>honorem,</span> <span class='ocrx_word' id='word_1_121' title='bbox 987 1526 1091 1585; x_wconf 87' lang='lat' dir='ltr'>lupi</span> <span class='ocrx_word' id='word_1_122' title='bbox 1112 1532 1381 1567; x_wconf 81' lang='lat' dir='ltr'>arcerentur</span> <span class='ocrx_word' id='word_1_123' title='bbox 1399 1538 1422 1564; x_wconf 85' lang='lat' dir='ltr'>a</span> <span class='ocrx_word' id='word_1_124' title='bbox 1441 1519 1692 1580; x_wconf 90' lang='lat' dir='ltr'>pecoribus</span> <span class='ocrx_word' id='word_1_125' title='bbox 1718 1527 1762 1561; x_wconf 89' lang='lat' dir='ltr'>et</span> <span class='ocrx_word' id='word_1_126' title='bbox 1792 1517 1952 1560; x_wconf 85' lang='lat' dir='ltr'>stabu-</span> 
     </span>
     <span class='ocr_line' id='line_1_16' title="bbox 220 1595 1954 1658; baseline -0.006 -12"><span class='ocrx_word' id='word_1_127' title='bbox 220 1603 290 1646; x_wconf 90' lang='lat' dir='ltr'>lis.</span> <span class='ocrx_word' id='word_1_128' title='bbox 321 1603 538 1646; x_wconf 86' lang='lat' dir='ltr'>Scribunt</span> <span class='ocrx_word' id='word_1_129' title='bbox 575 1603 699 1646; x_wconf 91' lang='lat' dir='ltr'>enim</span> <span class='ocrx_word' id='word_1_130' title='bbox 728 1603 999 1646; x_wconf 86' lang='lat' dir='ltr'>Plutarchus</span> <span class='ocrx_word' id='word_1_131' title='bbox 1029 1610 1074 1645; x_wconf 89' lang='lat' dir='ltr'>et</span> <span class='ocrx_word' id='word_1_132' title='bbox 1104 1601 1284 1655; x_wconf 90' lang='lat' dir='ltr'>Livius,</span> <span class='ocrx_word' id='word_1_133' title='bbox 1318 1615 1463 1658; x_wconf 87' lang='lat' dir='ltr'>quum</span> <span class='ocrx_word' id='word_1_134' title='bbox 1499 1596 1717 1640; x_wconf 89' lang='lat' dir='ltr'>Evander</span> <span class='ocrx_word' id='word_1_135' title='bbox 1746 1595 1954 1638; x_wconf 89' lang='lat' dir='ltr'>solemne</span> 
     </span>
     <span class='ocr_line' id='line_1_17' title="bbox 223 1671 1951 1730; baseline -0.005 -8"><span class='ocrx_word' id='word_1_136' title='bbox 223 1680 313 1723; x_wconf 90' lang='lat' dir='ltr'>hoc</span> <span class='ocrx_word' id='word_1_137' title='bbox 345 1677 620 1722; x_wconf 86' lang='lat' dir='ltr'>sacrificium</span> <span class='ocrx_word' id='word_1_138' title='bbox 644 1679 874 1722; x_wconf 90' lang='lat' dir='ltr'>intulisset</span> <span class='ocrx_word' id='word_1_139' title='bbox 904 1679 953 1721; x_wconf 92' lang='lat' dir='ltr'>in</span> <span class='ocrx_word' id='word_1_140' title='bbox 988 1678 1172 1721; x_wconf 83' lang='lat' dir='ltr'>Italiam</span> <span class='ocrx_word' id='word_1_141' title='bbox 1198 1693 1254 1721; x_wconf 84' lang='lat' dir='ltr'>ex</span> <span class='ocrx_word' id='word_1_142' title='bbox 1277 1675 1505 1729; x_wconf 87' lang='lat' dir='ltr'>Arcadia,</span> <span class='ocrx_word' id='word_1_143' title='bbox 1538 1674 1662 1717; x_wconf 90' lang='lat' dir='ltr'>cultu</span> <span class='ocrx_word' id='word_1_144' title='bbox 1687 1671 1854 1730; x_wconf 82' lang='lat' dir='ltr'>Lycoei</span> <span class='ocrx_word' id='word_1_145' title='bbox 1874 1686 1951 1713; x_wconf 90' lang='lat' dir='ltr'>ce-</span> 
     </span>
     <span class='ocr_line' id='line_1_18' title="bbox 224 1748 1955 1814; baseline -0.005 -16"><span class='ocrx_word' id='word_1_146' title='bbox 224 1757 424 1810; x_wconf 88' lang='lat' dir='ltr'>lebrata,</span> <span class='ocrx_word' id='word_1_147' title='bbox 448 1756 650 1814; x_wconf 84' lang='lat' dir='ltr'>benigne</span> <span class='ocrx_word' id='word_1_148' title='bbox 682 1756 751 1799; x_wconf 90' lang='lat' dir='ltr'>illi</span> <span class='ocrx_word' id='word_1_149' title='bbox 782 1757 994 1798; x_wconf 84' lang='lat' dir='ltr'>Faunum</span> <span class='ocrx_word' id='word_1_150' title='bbox 1023 1764 1230 1797; x_wconf 87' lang='lat' dir='ltr'>montem</span> <span class='ocrx_word' id='word_1_151' title='bbox 1268 1762 1311 1796; x_wconf 90' lang='lat' dir='ltr'>et</span> <span class='ocrx_word' id='word_1_152' title='bbox 1336 1767 1471 1810; x_wconf 85' lang='lat' dir='ltr'>agros</span> <span class='ocrx_word' id='word_1_153' title='bbox 1501 1750 1778 1809; x_wconf 80' lang='lat' dir='ltr'>assignasse,</span> <span class='ocrx_word' id='word_1_154' title='bbox 1814 1748 1955 1805; x_wconf 84' lang='lat' dir='ltr'>inque</span> 
     </span>
     <span class='ocr_line' id='line_1_19' title="bbox 226 1824 1957 1887; baseline -0.005 -13"><span class='ocrx_word' id='word_1_155' title='bbox 226 1833 346 1876; x_wconf 87' lang='lat' dir='ltr'>illius</span> <span class='ocrx_word' id='word_1_156' title='bbox 372 1832 606 1875; x_wconf 88' lang='lat' dir='ltr'>radicibus</span> <span class='ocrx_word' id='word_1_157' title='bbox 636 1832 942 1875; x_wconf 86' lang='lat' dir='ltr'>constitutum</span> <span class='ocrx_word' id='word_1_158' title='bbox 974 1835 1148 1884; x_wconf 71' lang='lat' dir='ltr'>Lycoeo</span> <span class='ocrx_word' id='word_1_159' title='bbox 1179 1831 1399 1887; x_wconf 83' lang='lat' dir='ltr'>templum</span> <span class='ocrx_word' id='word_1_160' title='bbox 1418 1863 1429 1883; x_wconf 90' lang='lat'>,</span> <span class='ocrx_word' id='word_1_161' title='bbox 1461 1826 1543 1870; x_wconf 89' lang='lat' dir='ltr'>ubi</span> <span class='ocrx_word' id='word_1_162' title='bbox 1570 1827 1749 1870; x_wconf 89' lang='lat' dir='ltr'>nudum</span> <span class='ocrx_word' id='word_1_163' title='bbox 1773 1824 1957 1882; x_wconf 86' lang='lat' dir='ltr'>conspi-</span> 
     </span>
     <span class='ocr_line' id='line_1_20' title="bbox 226 1902 1958 1967; baseline -0.005 -15"><span class='ocrx_word' id='word_1_164' title='bbox 226 1909 435 1952; x_wconf 85' lang='lat' dir='ltr'>ciebatur</span> <span class='ocrx_word' id='word_1_165' title='bbox 466 1909 542 1952; x_wconf 90' lang='lat' dir='ltr'>dei</span> <span class='ocrx_word' id='word_1_166' title='bbox 565 1910 889 1964; x_wconf 84' lang='lat' dir='ltr'>simulacrum,</span> <span class='ocrx_word' id='word_1_167' title='bbox 914 1910 1036 1967; x_wconf 90' lang='lat' dir='ltr'>pelle</span> <span class='ocrx_word' id='word_1_168' title='bbox 1061 1908 1284 1952; x_wconf 88' lang='lat' dir='ltr'>amictum</span> <span class='ocrx_word' id='word_1_169' title='bbox 1311 1906 1526 1964; x_wconf 85' lang='lat' dir='ltr'>caprina,</span> <span class='ocrx_word' id='word_1_170' title='bbox 1552 1920 1644 1963; x_wconf 88' lang='lat' dir='ltr'>quo</span> <span class='ocrx_word' id='word_1_171' title='bbox 1670 1902 1834 1946; x_wconf 87' lang='lat' dir='ltr'>habitu</span> <span class='ocrx_word' id='word_1_172' title='bbox 1858 1917 1958 1944; x_wconf 86' lang='lat' dir='ltr'>cur—</span> 
     </span>
     <span class='ocr_line' id='line_1_21' title="bbox 226 1980 1960 2044; baseline -0.004 -16"><span class='ocrx_word' id='word_1_173' title='bbox 226 1985 392 2029; x_wconf 88' lang='lat' dir='ltr'>rebant</span> <span class='ocrx_word' id='word_1_174' title='bbox 418 1987 578 2029; x_wconf 86' lang='lat' dir='ltr'>Romae</span> <span class='ocrx_word' id='word_1_175' title='bbox 607 1985 655 2028; x_wconf 92' lang='lat' dir='ltr'>in</span> <span class='ocrx_word' id='word_1_176' title='bbox 687 1986 1038 2044; x_wconf 89' lang='lat' dir='ltr'>Lupercalibus.</span> <span class='ocrx_word' id='word_1_177' title='bbox 1064 1984 1314 2042; x_wconf 85' lang='lat' dir='ltr'>Proprium</span> <span class='ocrx_word' id='word_1_178' title='bbox 1340 1991 1436 2026; x_wconf 87' lang='lat' dir='ltr'>erat</span> <span class='ocrx_word' id='word_1_179' title='bbox 1461 1982 1556 2038; x_wconf 88' lang='lat' dir='ltr'>ejus</span> <span class='ocrx_word' id='word_1_180' title='bbox 1579 1980 1887 2032; x_wconf 84' lang='lat' dir='ltr'>celebritatis,</span> <span class='ocrx_word' id='word_1_181' title='bbox 1911 1988 1960 2021; x_wconf 87' lang='lat' dir='ltr'>ut</span> 
     </span>
     <span class='ocr_line' id='line_1_22' title="bbox 226 2057 1960 2121; baseline -0.004 -15"><span class='ocrx_word' id='word_1_182' title='bbox 226 2062 425 2121; x_wconf 88' lang='lat' dir='ltr'>Luperci</span> <span class='ocrx_word' id='word_1_183' title='bbox 469 2063 767 2106; x_wconf 87' lang='lat' dir='ltr'>immolarent</span> <span class='ocrx_word' id='word_1_184' title='bbox 806 2078 981 2106; x_wconf 89' lang='lat' dir='ltr'>canem.</span> <span class='ocrx_word' id='word_1_185' title='bbox 1027 2061 1278 2106; x_wconf 83' lang='lat' dir='ltr'>Sciendum</span> <span class='ocrx_word' id='word_1_186' title='bbox 1323 2060 1513 2117; x_wconf 87' lang='lat' dir='ltr'>insuper</span> <span class='ocrx_word' id='word_1_187' title='bbox 1552 2058 1782 2102; x_wconf 85' lang='lat' dir='ltr'>celebrata</span> <span class='ocrx_word' id='word_1_188' title='bbox 1821 2057 1960 2099; x_wconf 90' lang='lat' dir='ltr'>fuisse</span> 
     </span>
     <span class='ocr_line' id='line_1_23' title="bbox 228 2135 1960 2200; baseline -0.003 -18"><span class='ocrx_word' id='word_1_189' title='bbox 228 2140 499 2198; x_wconf 85' lang='lat' dir='ltr'>Lupercalia</span> <span class='ocrx_word' id='word_1_190' title='bbox 522 2136 720 2200; x_wconf 81' lang='lat' dir='ltr'>(Lycoea</span> <span class='ocrx_word' id='word_1_191' title='bbox 747 2139 994 2182; x_wconf 87' lang='lat' dir='ltr'>nominant</span> <span class='ocrx_word' id='word_1_192' title='bbox 1019 2136 1194 2193; x_wconf 68' lang='lat' dir='ltr'>Graeci)</span> <span class='ocrx_word' id='word_1_193' title='bbox 1219 2153 1280 2180; x_wconf 88' lang='lat' dir='ltr'>xv</span> <span class='ocrx_word' id='word_1_194' title='bbox 1304 2136 1482 2181; x_wconf 88' lang='lat' dir='ltr'>calend.</span> <span class='ocrx_word' id='word_1_195' title='bbox 1510 2135 1685 2189; x_wconf 89' lang='lat' dir='ltr'>martii,</span> <span class='ocrx_word' id='word_1_196' title='bbox 1705 2149 1960 2191; x_wconf 87' lang='lat' dir='ltr'>eorumque</span> 
     </span>
     <span class='ocr_line' id='line_1_24' title="bbox 232 2211 1959 2271; baseline -0.003 -14"><span class='ocrx_word' id='word_1_197' title='bbox 232 2215 353 2258; x_wconf 87' lang='lat' dir='ltr'>diem</span> <span class='ocrx_word' id='word_1_198' title='bbox 377 2225 555 2260; x_wconf 87' lang='lat' dir='ltr'>veteres</span> <span class='ocrx_word' id='word_1_199' title='bbox 579 2216 840 2259; x_wconf 86' lang='lat' dir='ltr'>februatam</span> <span class='ocrx_word' id='word_1_200' title='bbox 864 2216 1048 2259; x_wconf 88' lang='lat' dir='ltr'>dixisse.</span> <span class='ocrx_word' id='word_1_201' title='bbox 1075 2216 1169 2258; x_wconf 90' lang='lat' dir='ltr'>Nec</span> <span class='ocrx_word' id='word_1_202' title='bbox 1198 2222 1376 2257; x_wconf 87' lang='lat' dir='ltr'>tantum</span> <span class='ocrx_word' id='word_1_203' title='bbox 1417 2211 1617 2271; x_wconf 88' lang='lat' dir='ltr'>Luperci</span> <span class='ocrx_word' id='word_1_204' title='bbox 1654 2227 1705 2254; x_wconf 89' lang='lat' dir='ltr'>ea</span> <span class='ocrx_word' id='word_1_205' title='bbox 1747 2211 1959 2253; x_wconf 84' lang='lat' dir='ltr'>celebra—</span> 
     </span>
     <span class='ocr_line' id='line_1_25' title="bbox 233 2287 1959 2351; baseline -0.002 -17"><span class='ocrx_word' id='word_1_206' title='bbox 233 2291 368 2346; x_wconf 84' lang='lat' dir='ltr'>bant,</span> <span class='ocrx_word' id='word_1_207' title='bbox 404 2307 566 2335; x_wconf 83' lang='lat' dir='ltr'>verum</span> <span class='ocrx_word' id='word_1_208' title='bbox 595 2301 640 2336; x_wconf 90' lang='lat' dir='ltr'>et</span> <span class='ocrx_word' id='word_1_209' title='bbox 663 2292 742 2336; x_wconf 86' lang='lat' dir='ltr'>alii</span> <span class='ocrx_word' id='word_1_210' title='bbox 769 2292 1053 2351; x_wconf 84' lang='lat' dir='ltr'>quandoque</span> <span class='ocrx_word' id='word_1_211' title='bbox 1079 2291 1192 2346; x_wconf 89' lang='lat' dir='ltr'>viri,</span> <span class='ocrx_word' id='word_1_212' title='bbox 1222 2290 1422 2348; x_wconf 88' lang='lat' dir='ltr'>virisque</span> <span class='ocrx_word' id='word_1_213' title='bbox 1454 2288 1694 2347; x_wconf 81' lang='lat' dir='ltr'>permixtae</span> <span class='ocrx_word' id='word_1_214' title='bbox 1730 2287 1959 2331; x_wconf 88' lang='lat' dir='ltr'>mulieres.</span> 
     </span>
     <span class='ocr_line' id='line_1_26' title="bbox 233 2364 1960 2426; baseline -0.003 -15"><span class='ocrx_word' id='word_1_215' title='bbox 233 2370 534 2426; x_wconf 84' lang='lat' dir='ltr'>Quapropter</span> <span class='ocrx_word' id='word_1_216' title='bbox 561 2369 724 2412; x_wconf 85' lang='lat' dir='ltr'>scribit</span> <span class='ocrx_word' id='word_1_217' title='bbox 753 2370 1045 2424; x_wconf 87' lang='lat' dir='ltr'>Plutarchus,</span> <span class='ocrx_word' id='word_1_218' title='bbox 1069 2370 1134 2411; x_wconf 89' lang='lat' dir='ltr'>M.</span> <span class='ocrx_word' id='word_1_219' title='bbox 1154 2367 1409 2411; x_wconf 88' lang='lat' dir='ltr'>Antonium</span> <span class='ocrx_word' id='word_1_220' title='bbox 1442 2366 1623 2409; x_wconf 88' lang='lat' dir='ltr'>nudum</span> <span class='ocrx_word' id='word_1_221' title='bbox 1647 2365 1696 2406; x_wconf 92' lang='lat' dir='ltr'>in</span> <span class='ocrx_word' id='word_1_222' title='bbox 1722 2364 1960 2423; x_wconf 84' lang='lat' dir='ltr'>Luperca—</span> 
     </span>
     <span class='ocr_line' id='line_1_27' title="bbox 233 2444 1033 2504; baseline 0.001 -17"><span class='ocrx_word' id='word_1_223' title='bbox 233 2445 354 2487; x_wconf 91' lang='lat' dir='ltr'>libus</span> <span class='ocrx_word' id='word_1_224' title='bbox 377 2444 517 2487; x_wconf 83' lang='lat' dir='ltr'>fuisse</span> <span class='ocrx_word' id='word_1_225' title='bbox 540 2455 722 2488; x_wconf 88' lang='lat' dir='ltr'>vectum</span> <span class='ocrx_word' id='word_1_226' title='bbox 747 2461 832 2504; x_wconf 90' lang='lat' dir='ltr'>per</span> <span class='ocrx_word' id='word_1_227' title='bbox 855 2445 1033 2489; x_wconf 87' lang='lat' dir='ltr'>urbem.</span> 
     </span>
    </p>

    <p class='ocr_par' dir='ltr' id='par_1_6' title="bbox 223 2519 1969 2885">
     <span class='ocr_line' id='line_1_28' title="bbox 300 2519 1964 2578; baseline -0.002 -14"><span class='ocrx_word' id='word_1_228' title='bbox 300 2524 465 2564; x_wconf 87' lang='lat' dir='ltr'>Fatua.</span> <span class='ocrx_word' id='word_1_229' title='bbox 502 2523 705 2564; x_wconf 72' lang='lat' dir='ltr'>Famam</span> <span class='ocrx_word' id='word_1_230' title='bbox 741 2522 1031 2565; x_wconf 87' lang='lat' dir='ltr'>nominatam</span> <span class='ocrx_word' id='word_1_231' title='bbox 1080 2523 1142 2564; x_wconf 87' lang='lat' dir='ltr'>ait</span> <span class='ocrx_word' id='word_1_232' title='bbox 1191 2524 1238 2564; x_wconf 84' lang='lat' dir='ltr'>C.</span> <span class='ocrx_word' id='word_1_233' title='bbox 1287 2521 1474 2575; x_wconf 84' lang='lat' dir='ltr'>Bassus,</span> <span class='ocrx_word' id='word_1_234' title='bbox 1524 2520 1649 2578; x_wconf 91' lang='lat' dir='ltr'>quod</span> <span class='ocrx_word' id='word_1_235' title='bbox 1694 2519 1964 2562; x_wconf 86' lang='lat' dir='ltr'>mulieribus</span> 
     </span>
     <span class='ocr_line' id='line_1_29' title="bbox 223 2596 1963 2656; baseline -0.002 -15"><span class='ocrx_word' id='word_1_236' title='bbox 223 2598 343 2656; x_wconf 86' lang='lat' dir='ltr'>fata</span> <span class='ocrx_word' id='word_1_237' title='bbox 374 2614 539 2641; x_wconf 90' lang='lat' dir='ltr'>canere</span> <span class='ocrx_word' id='word_1_238' title='bbox 572 2599 906 2652; x_wconf 81' lang='lat' dir='ltr'>consuevisset,</span> <span class='ocrx_word' id='word_1_239' title='bbox 936 2607 980 2641; x_wconf 88' lang='lat' dir='ltr'>ut</span> <span class='ocrx_word' id='word_1_240' title='bbox 1018 2600 1196 2641; x_wconf 88' lang='lat' dir='ltr'>Faunus</span> <span class='ocrx_word' id='word_1_241' title='bbox 1225 2597 1350 2640; x_wconf 88' lang='lat' dir='ltr'>viris.</span> <span class='ocrx_word' id='word_1_242' title='bbox 1389 2599 1709 2651; x_wconf 77' lang='lat' dir='ltr'>LACTANTms,</span> <span class='ocrx_word' id='word_1_243' title='bbox 1744 2598 1772 2639; x_wconf 92' lang='lat' dir='ltr'>l.</span> <span class='ocrx_word' id='word_1_244' title='bbox 1807 2613 1840 2638; x_wconf 93' lang='lat'>1.</span> <span class='ocrx_word' id='word_1_245' title='bbox 1874 2596 1963 2640; x_wconf 85' lang='lat' dir='ltr'>Sed</span> 
     </span>
     <span class='ocr_line' id='line_1_30' title="bbox 236 2672 1967 2733; baseline -0.002 -15"><span class='ocrx_word' id='word_1_246' title='bbox 236 2676 376 2733; x_wconf 83' lang='lat' dir='ltr'>longe</span> <span class='ocrx_word' id='word_1_247' title='bbox 393 2674 588 2730; x_wconf 80' lang='lat' dir='ltr'>fallitur3</span> <span class='ocrx_word' id='word_1_248' title='bbox 606 2677 762 2718; x_wconf 76' lang='lat' dir='ltr'>Fatua</span> <span class='ocrx_word' id='word_1_249' title='bbox 772 2691 944 2718; x_wconf 89' lang='lat' dir='ltr'>nomen</span> <span class='ocrx_word' id='word_1_250' title='bbox 971 2684 1037 2718; x_wconf 90' lang='lat' dir='ltr'>est</span> <span class='ocrx_word' id='word_1_251' title='bbox 1063 2690 1155 2717; x_wconf 87' lang='lat' dir='ltr'>vox</span> <span class='ocrx_word' id='word_1_252' title='bbox 1165 2673 1333 2731; x_wconf 82' lang='lat' dir='ltr'>fatua,</span> <span class='ocrx_word' id='word_1_253' title='bbox 1350 2683 1394 2717; x_wconf 90' lang='lat' dir='ltr'>et</span> <span class='ocrx_word' id='word_1_254' title='bbox 1411 2674 1498 2717; x_wconf 86' lang='lat' dir='ltr'>dea</span> <span class='ocrx_word' id='word_1_255' title='bbox 1514 2675 1670 2716; x_wconf 83' lang='lat' dir='ltr'>Fatua</span> <span class='ocrx_word' id='word_1_256' title='bbox 1688 2682 1785 2716; x_wconf 89' lang='lat' dir='ltr'>erat</span> <span class='ocrx_word' id='word_1_257' title='bbox 1803 2672 1967 2716; x_wconf 88' lang='lat' dir='ltr'>eadem</span> 
     </span>
     <span class='ocr_line' id='line_1_31' title="bbox 238 2748 1967 2810; baseline -0.001 -17"><span class='ocrx_word' id='word_1_258' title='bbox 238 2767 338 2809; x_wconf 86' lang='lat' dir='ltr'>quae</span> <span class='ocrx_word' id='word_1_259' title='bbox 360 2751 486 2809; x_wconf 90' lang='lat' dir='ltr'>apud</span> <span class='ocrx_word' id='word_1_260' title='bbox 518 2751 694 2794; x_wconf 85' lang='lat' dir='ltr'>AEduos</span> <span class='ocrx_word' id='word_1_261' title='bbox 709 2751 1040 2810; x_wconf 73' lang='lat' dir='ltr'>Berecynthia,</span> <span class='ocrx_word' id='word_1_262' title='bbox 1067 2750 1189 2793; x_wconf 85' lang='lat' dir='ltr'>dicta</span> <span class='ocrx_word' id='word_1_263' title='bbox 1214 2750 1465 2792; x_wconf 89' lang='lat' dir='ltr'>etiamnum</span> <span class='ocrx_word' id='word_1_264' title='bbox 1492 2752 1542 2792; x_wconf 85' lang='lat' dir='ltr'>la</span> <span class='ocrx_word' id='word_1_265' title='bbox 1568 2748 1862 2805; x_wconf 58' lang='lat' dir='ltr'>ffleresollffl</span> <span class='ocrx_word' id='word_1_266' title='bbox 1886 2749 1967 2792; x_wconf 89' lang='lat' dir='ltr'>sed</span> 
     </span>
     <span class='ocr_line' id='line_1_32' title="bbox 238 2825 1969 2885; baseline -0.001 -16"><span class='ocrx_word' id='word_1_267' title='bbox 238 2826 361 2870; x_wconf 80' lang='lat' dir='ltr'>fatua</span> <span class='ocrx_word' id='word_1_268' title='bbox 397 2836 494 2870; x_wconf 86' lang='lat' dir='ltr'>erat</span> <span class='ocrx_word' id='word_1_269' title='bbox 529 2827 682 2885; x_wconf 88' lang='lat' dir='ltr'>quod,</span> <span class='ocrx_word' id='word_1_270' title='bbox 716 2836 765 2869; x_wconf 91' lang='lat' dir='ltr'>ut</span> <span class='ocrx_word' id='word_1_271' title='bbox 810 2827 873 2870; x_wconf 85' lang='lat' dir='ltr'>ait</span> <span class='ocrx_word' id='word_1_272' title='bbox 922 2826 1148 2880; x_wconf 85' lang='lat' dir='ltr'>Justinus,</span> <span class='ocrx_word' id='word_1_273' title='bbox 1196 2826 1358 2869; x_wconf 86' lang='lat' dir='ltr'>divino</span> <span class='ocrx_word' id='word_1_274' title='bbox 1395 2826 1562 2884; x_wconf 84' lang='lat' dir='ltr'>spiritu</span> <span class='ocrx_word' id='word_1_275' title='bbox 1594 2825 1806 2884; x_wconf 86' lang='lat' dir='ltr'>impleta,</span> <span class='ocrx_word' id='word_1_276' title='bbox 1841 2826 1969 2868; x_wconf 84' lang='lat' dir='ltr'>velut</span> 
     </span>
    </p>
   </div>
   <div class='ocr_carea' id='block_1_6' title="bbox 240 2901 1967 3039">
    <p class='ocr_par' dir='ltr' id='par_1_7' title="bbox 240 2901 1967 3039">
     <span class='ocr_line' id='line_1_33' title="bbox 240 2901 1967 2961; baseline -0.001 -16"><span class='ocrx_word' id='word_1_277' title='bbox 240 2918 323 2959; x_wconf 91' lang='lat' dir='ltr'>per</span> <span class='ocrx_word' id='word_1_278' title='bbox 350 2903 580 2957; x_wconf 88' lang='lat' dir='ltr'>furorem,</span> <span class='ocrx_word' id='word_1_279' title='bbox 597 2903 747 2945; x_wconf 87' lang='lat' dir='ltr'>futura</span> <span class='ocrx_word' id='word_1_280' title='bbox 783 2903 1074 2961; x_wconf 79' lang='lat' dir='ltr'>praecineret,</span> <span class='ocrx_word' id='word_1_281' title='bbox 1108 2919 1185 2946; x_wconf 88' lang='lat' dir='ltr'>seu</span> <span class='ocrx_word' id='word_1_282' title='bbox 1189 2902 1387 2959; x_wconf 81' lang='lat' dir='ltr'>fatuari</span> <span class='ocrx_word' id='word_1_283' title='bbox 1409 2901 1733 2944; x_wconf 90' lang='lat' dir='ltr'>consuevisset.</span> <span class='ocrx_word' id='word_1_284' title='bbox 1759 2901 1967 2956; x_wconf 84' lang='lat' dir='ltr'>Servius,</span> 
     </span>
     <span class='ocr_line' id='line_1_34' title="bbox 241 2979 1191 3039; baseline -0.001 -17"><span class='ocrx_word' id='word_1_285' title='bbox 241 2979 301 3022; x_wconf 86' lang='lat' dir='ltr'>ad</span> <span class='ocrx_word' id='word_1_286' title='bbox 330 2979 445 3022; x_wconf 87' lang='lat' dir='ltr'>illud</span> <span class='ocrx_word' id='word_1_287' title='bbox 479 2980 671 3039; x_wconf 79' lang='lat' dir='ltr'>Virgi1.,</span> <span class='ocrx_word' id='word_1_288' title='bbox 700 2980 909 3033; x_wconf 78' lang='lat' dir='ltr'>AEnez&#39;d.,</span> <span class='ocrx_word' id='word_1_289' title='bbox 940 2995 1032 3034; x_wconf 87' lang='lat'>111,</span> <span class='ocrx_word' id='word_1_290' title='bbox 1070 2981 1191 3032; x_wconf 74' lang='lat'>443:</span> 
     </span>
    </p>
   </div>
   <div class='ocr_carea' id='block_1_7' title="bbox 532 3092 1486 3202">
    <p class='ocr_par' dir='ltr' id='par_1_8' title="bbox 532 3092 1486 3202">
     <span class='ocr_line' id='line_1_35' title="bbox 532 3092 1486 3146; baseline 0 -15"><span class='ocrx_word' id='word_1_291' title='bbox 532 3098 725 3133; x_wconf 80' lang='lat' dir='ltr'>Insanum</span> <span class='ocrx_word' id='word_1_292' title='bbox 743 3103 875 3131; x_wconf 71' lang='lat' dir='ltr'>vatem</span> <span class='ocrx_word' id='word_1_293' title='bbox 901 3093 1080 3146; x_wconf 84' lang='lat' dir='ltr'>aspicies,</span> <span class='ocrx_word' id='word_1_294' title='bbox 1099 3107 1182 3144; x_wconf 85' lang='lat' dir='ltr'>quae</span> <span class='ocrx_word' id='word_1_295' title='bbox 1202 3107 1301 3146; x_wconf 82' lang='lat' dir='ltr'>rupe</span> <span class='ocrx_word' id='word_1_296' title='bbox 1316 3093 1386 3130; x_wconf 84' lang='lat' dir='ltr'>sub</span> <span class='ocrx_word' id='word_1_297' title='bbox 1408 3092 1486 3131; x_wconf 77' lang='lat' dir='ltr'>ima</span> 
     </span>
     <span class='ocr_line' id='line_1_36' title="bbox 535 3164 775 3202; baseline 0.004 -1"><span class='ocrx_word' id='word_1_298' title='bbox 535 3167 638 3201; x_wconf 84' lang='lat' dir='ltr'>Fata</span> <span class='ocrx_word' id='word_1_299' title='bbox 659 3164 775 3202; x_wconf 76' lang='lat' dir='ltr'>canit.</span> 
     </span>
    </p>
   </div>
   <div class='ocr_carea' id='block_1_8' title="bbox 245 3280 1967 3342">
    <p class='ocr_par' dir='ltr' id='par_1_9' title="bbox 245 3280 1967 3342">
     <span class='ocr_line' id='line_1_37' title="bbox 245 3280 1967 3342; baseline -0.001 -20"><span class='ocrx_word' id='word_1_300' title='bbox 245 3305 262 3322; x_wconf 84' lang='lat'>«</span> <span class='ocrx_word' id='word_1_301' title='bbox 292 3285 530 3336; x_wconf 65' lang='lat' dir='ltr'>lumnam,</span> <span class='ocrx_word' id='word_1_302' title='bbox 561 3283 651 3326; x_wconf 91' lang='lat' dir='ltr'>hoc</span> <span class='ocrx_word' id='word_1_303' title='bbox 683 3291 750 3326; x_wconf 87' lang='lat' dir='ltr'>est</span> <span class='ocrx_word' id='word_1_304' title='bbox 779 3283 867 3326; x_wconf 89' lang='lat' dir='ltr'>deo</span> <span class='ocrx_word' id='word_1_305' title='bbox 897 3284 1083 3342; x_wconf 87' lang='lat' dir='ltr'>plenam</span> <span class='ocrx_word' id='word_1_306' title='bbox 1104 3316 1114 3336; x_wconf 78' lang='grc'>,</span> <span class='ocrx_word' id='word_1_307' title='bbox 1145 3290 1190 3324; x_wconf 89' lang='lat' dir='ltr'>et</span> <span class='ocrx_word' id='word_1_308' title='bbox 1223 3280 1600 3323; x_wconf 84' lang='lat' dir='ltr'>vaticinatricem.</span> <span class='ocrx_word' id='word_1_309' title='bbox 1635 3284 1671 3322; x_wconf 81' lang='lat' dir='ltr'>A</span> <span class='ocrx_word' id='word_1_310' title='bbox 1705 3283 1967 3323; x_wconf 61' lang='lat' dir='ltr'>Graecorum</span> 
     </span>
    </p>
   </div>
   <div class='ocr_carea' id='block_1_9' title="bbox 245 3358 1969 3421">
    <p class='ocr_par' dir='ltr' id='par_1_10' title="bbox 245 3358 1969 3421">
     <span class='ocr_line' id='line_1_38' title="bbox 245 3358 1969 3421; baseline -0.002 -19"><span class='ocrx_word' id='word_1_311' title='bbox 245 3369 438 3404; x_wconf 75' lang='lat' dir='ltr'>tractum</span> <span class='ocrx_word' id='word_1_312' title='bbox 465 3359 769 3418; x_wconf 86' lang='lat' dir='ltr'>etymologia,</span> <span class='ocrx_word' id='word_1_313' title='bbox 802 3360 879 3418; x_wconf 90' lang='lat' dir='ltr'>qui</span> <span class='ocrx_word' id='word_1_314' title='bbox 907 3368 1064 3421; x_wconf 62' lang='grc' dir='ltr'>μάντεις</span> <span class='ocrx_word' id='word_1_315' title='bbox 1094 3366 1172 3405; x_wconf 62' lang='grc' dir='ltr'>ἀπὸ</span> <span class='ocrx_word' id='word_1_316' title='bbox 1198 3370 1264 3411; x_wconf 70' lang='grc' dir='ltr'>τ-ῆς</span> <span class='ocrx_word' id='word_1_317' title='bbox 1294 3366 1437 3419; x_wconf 58' lang='grc' dir='ltr'>μανίας</span> <span class='ocrx_word' id='word_1_318' title='bbox 1463 3358 1826 3416; x_wconf 84' lang='lat' dir='ltr'>appellaverunt.</span> <span class='ocrx_word' id='word_1_319' title='bbox 1853 3359 1969 3401; x_wconf 74' lang='lat' dir='ltr'>Nam</span> 
     </span>
    </p>
   </div>
  </div>
 </body>
</html>
