2248 3697
497 257 726 276 mmmm
730 254 2130 275 blewmmmmmmwwvmmmm
2135 258 2210 274 §m

923 516 1246 585 LIBER
1299 515 1436 583 XX
1461 515 1773 585 XVIII.

486 1058 527 1109 Ι.
581 1008 1070 1125 MITHRIDATES,
1103 1055 1393 1130 parricidia
1425 1076 1455 1108 a
1488 1074 1618 1108 nece
1649 1053 1834 1107 uxoris
1869 1053 2209 1128 auspicatus,

487 1155 686 1208 sororis
716 1153 937 1209 alterius
968 1154 1229 1209 Laodices
1254 1152 1421 1222 filios,
1449 1154 1604 1227 cujus
1633 1153 1816 1206 virum
1840 1151 2209 1220 Ariarathem,

486 1274 668 1330 regem
722 1253 1111 1329 Cappadociae,
1163 1273 1262 1328 per
1315 1252 1587 1306 Gordium
1643 1251 1852 1305 insidiis
1905 1250 2210 1319 occiderat,

486 1352 754 1408 tollendos
792 1354 1009 1421 statuit,
1045 1351 1178 1405 nihil
1219 1365 1403 1406 actum
1445 1364 1621 1407 morte
1656 1352 1826 1426 patris
1864 1352 2208 1417 existimans,

482 1453 525 1505 si
559 1451 922 1506 adolescentes
960 1463 1251 1526 paternum
1291 1471 1556 1525 regnum,
1593 1451 1748 1524 cujus
1784 1448 1872 1503 ille
1909 1449 2209 1523 cupiditate

482 1550 774 1626 flagrabat,
810 1562 1180 1625 occupassent.
1216 1551 1393 1624 Igitur
1426 1548 1556 1603 dum
1588 1550 1643 1603 in
1673 1549 1757 1603 his
1787 1549 2208 1625 cogitationibus

480 1663 761 1719 versatur,
818 1650 1035 1703 interim
1085 1649 1441 1719 NicomedeS,
1495 1670 1590 1703 rex
1638 1649 1933 1723 Bithyniae,
1982 1669 2208 1703 vacuam

482 1762 657 1804 morte
695 1750 833 1824 regis
875 1747 1280 1824 Cappadociam
1313 1747 1537 1802 invadit.
1574 1747 1743 1819 Quod
1779 1768 1951 1822 quum
1983 1749 2206 1802 nuntia-

481 1866 599 1903 tum
627 1848 939 1903 Mithridati
969 1848 1180 1919 fuisset,
1212 1870 1308 1923 per
1335 1846 1736 1902 simulationem
1767 1849 1981 1922 pietatis
2009 1846 2207 1902 auxilia

482 1951 654 2004 sorori
697 1947 763 2002 ad
806 1946 1188 2023 expellendum
1232 1948 1578 2026 Cappadocia
1620 1947 1976 2001 Nicomedem
2021 1948 2203 2002 mittit.

481 2048 586 2104 Sed
612 2049 728 2123 jam
760 2048 995 2103 Laodice
1029 2069 1127 2123 per
1165 2049 1475 2123 pactionem
1514 2069 1567 2101 se
1604 2046 1889 2104 Nicomedi
1926 2048 1982 2100 in
2018 2049 2206 2101 matri-

478 2151 725 2205 monium
753 2149 1066 2204 tradiderat.
1097 2148 1264 2220 Quod
1294 2169 1433 2223 aegre
1463 2148 1637 2202 ferens
1666 2148 2039 2219 Mithridates,
2069 2169 2205 2223 prae-

480 2250 613 2304 sidia
642 2248 954 2304 Nicomedis
982 2248 1330 2324 Cappadocia
1360 2245 1607 2322 expellit,
1637 2266 1978 2322 regnumque
2005 2249 2203 2302 sororis

475 2349 587 2404 filio
628 2350 866 2404 restituit
908 2370 919 2402 :
961 2348 1241 2423 egregium
1280 2368 1505 2422 prorsus
1546 2347 1780 2416 factum,
1816 2348 1872 2400 ni
1915 2347 2204 2402 subsecuta

476 2449 624 2503 fraus
655 2460 791 2503 esset
826 2470 836 2502 :
876 2447 1167 2522 siquidem,
1204 2447 1500 2521 interjectis
1535 2447 1836 2515 mensibUS,
1872 2445 2113 2516 simulat,
2149 2468 2203 2500 se

477 2548 780 2618 Gordium,
813 2568 923 2622 quo
962 2548 1211 2601 ministro
1247 2566 1374 2600 usus
1417 2547 1471 2599 in
1508 2547 1790 2601 Ariarathe
1826 2545 2202 2599 interficiendo

474 2648 679 2717 fuerat,
713 2648 997 2702 restituere
1034 2648 1089 2700 in
1130 2648 1362 2720 patriam
1406 2643 1573 2715 velle,
1607 2665 1860 2720 speranS,
1896 2645 1938 2697 si
1979 2645 2201 2698 obsiste-

474 2759 557 2802 ret
589 2745 927 2816 adolescenS,
965 2767 1151 2800 causas
1184 2744 1310 2800 belli
1342 2746 1552 2799 futuras
1580 2765 1590 2798 :
1618 2756 1737 2814 aut,
1767 2745 1809 2797 si
1835 2745 2198 2819 permitteret,

474 2866 572 2921 per
616 2845 869 2900 eumdem
902 2844 1076 2899 filium
1110 2843 1228 2899 tolli
1276 2865 1468 2920 posse,
1510 2864 1607 2919 per
1651 2862 1813 2917 quem
1857 2842 2200 2897 interfecerat

475 2957 703 3020 patrem.
753 2944 921 3014 Quod
968 2944 1062 2998 ubi
1106 2945 1419 2998 Ariarathes
1461 2943 1649 3017 junior
1689 2939 1869 2995 moliri
1911 2943 2197 3017 cognovit,

475 3045 711 3119 graviter
744 3043 919 3097 ferens
957 3042 1361 3097 interfectorem
1397 3043 1564 3116 patris
1598 3060 1694 3116 per
1727 3040 2063 3095 avunculum
2102 3062 2198 3116 po-

476 3144 745 3195 tissimum
782 3143 848 3195 ab
891 3141 1076 3196 exsilio
1112 3142 1386 3208 revocari,
1419 3143 1696 3215 ingentem
1735 3143 2031 3196 exercitum
2065 3162 2196 3195 con-

476 3241 657 3294 trahit.
690 3243 865 3316 Igitur
898 3261 1068 3316 quum
1099 3241 1154 3294 in
1185 3242 1349 3295 aciem
1380 3239 1647 3294 eduxisset
1675 3241 2020 3295 Mithridates
2050 3240 2196 3315 pedi-
