2315 3868
395 320 500 373 >¹94
828 310 1320 353 ADNOTATIONES
1356 310 1418 352 IN
1455 309 1694 352 JUSTINI

407 411 612 469 quaedam
641 408 686 448 in
721 407 802 459 iis,
831 420 928 462 quae
958 413 1136 448 servata
1161 413 1289 460 sunt,
1308 404 1488 448 diverse
1517 404 1731 461 exponit,
1763 404 1852 446 alia
1879 419 1974 446 non
2001 419 2116 447 con—

408 485 599 528 veniunt
626 480 827 524 Livianae
844 479 1128 537 narrationi,
1163 480 1242 538 qui
1260 489 1483 538 quantum
1500 478 1672 537 ubique
1690 479 1903 522 tribuerit
1919 480 2116 538 Polybio

405 569 563 603 notum
599 565 678 600 est.
720 557 775 598 In
817 557 1017 614 Prologo
1053 556 1227 598 bellum
1281 564 1671 599 commemoratur
1714 554 1917 613 Philippi
1954 564 2115 598 contra

402 635 653 677 Dardanos
672 664 684 683 ,
715 640 965 689 antequam
982 646 1222 689 aggressus
1240 640 1308 675 est
1344 632 1524 675 AEtolos
1559 648 1568 673 :
1598 631 1724 689 cujus
1752 630 1976 674 memoria
1994 629 2119 688 apud

403 720 578 753 ceteros
613 708 796 751 occidit.
827 708 881 750 In
917 706 1009 750 fine
1041 707 1247 764 ejusdem
1278 708 1472 766 Prologi
1499 707 1627 765 quod
1650 707 1847 750 habetur
1876 722 1886 748 :
1924 707 2026 762 Quo
2043 705 2116 762 fi·-

401 788 494 829 nito
528 786 679 828 intulit
720 785 914 827 AE‘roms
938 785 1137 836 bellum,
1171 799 1331 826 verum
1363 798 1459 826 esse
1493 799 1591 826 non
1629 799 1764 842 posse
1797 791 2007 841 apparet;
2039 781 2120 824 sed

401 865 644 908 Dardanis
677 863 833 905 dicere
863 860 1064 903 voluisse
1100 860 1374 918 scriptorem
1412 861 1717 919 Prologorum
1748 860 1988 904 evidenter
2017 857 2119 902 effi—

403 940 491 983 cias
524 955 579 983 ex
604 938 775 982 Justini
791 953 827 981 c.
861 952 929 979 10.

464 1018 566 1059 CAP.
601 1017 634 1059 I.
671 1016 844 1057 Iisdem
862 1012 1018 1070 ferme
1043 1012 1317 1070 temporibus
1342 1028 1493 1070 prope
1516 1012 1716 1055 universi
1737 1012 1856 1054 orbis
1875 1013 2104 1070 imperia..

401 1102 573 1135 mutata
607 1101 719 1133 sunt.
745 1091 824 1133 Est
860 1090 954 1132 haec
977 1089 1098 1132 clara
1136 1089 1213 1132 illa
1242 1088 1467 1147 olympias
1508 1088 1618 1147 139,
1653 1088 1710 1131 de
1747 1103 1835 1145 qua
1878 1095 1971 1128 tam
2003 1102 2120 1144 saepe

401 1168 607 1226 loquitur
631 1164 874 1225 Polybius,
910 1173 958 1207 ut
996 1180 1059 1218 11,
1095 1180 1131 1207 c.
1172 1180 1224 1219 71
1262 1174 1306 1207 et
1339 1164 1464 1207 alibi.

465 1244 765 1301 Philippus...
801 1257 990 1300 regnum.
1012 1242 1225 1300 suscepit.
1254 1242 1309 1283 A.
1340 1255 1426 1282 221
1465 1256 1502 1282 a.
1537 1241 1586 1284 C.
1619 1241 1676 1284 N.

465 1318 715 1375 Interfecto
743 1318 946 1362 Seleuco.
975 1317 1043 1360 Sc.
1079 1316 1317 1370 Cerauno,
1351 1316 1532 1359 Seleuci
1566 1316 1776 1359 Callinici
1806 1314 1926 1371 filio,
1962 1331 2002 1358 a.
2031 1320 2118 1366 225,

402 1412 440 1437 a.
470 1396 519 1439 C.
555 1395 612 1439 N.

467 1470 737 1513 Antiochus.
771 1471 999 1527 Magnus,
1026 1467 1106 1525 qui
1136 1467 1260 1510 bella
1293 1483 1395 1510 cum
1427 1467 1651 1510 Romanis
1683 1450 1836 1525 gessit.

466 1546 720 1588 Ariarathe.
758 1543 849 1597 Qui
885 1552 982 1586 erat
1017 1542 1205 1600 quintus
1234 1542 1281 1584 in
1319 1541 1451 1584 serie.

466 1621 746 1665 Ptolemoeus
779 1619 1071 1677 Philopator.
1102 1619 1319 1676 Regnum
1347 1616 1591 1674 capessivit
1624 1634 1661 1660 a.
1688 1631 1776 1660 221
1816 1632 1854 1660 a.
1893 1618 1941 1660 C.
1971 1617 2028 1660 N.

470 1696 630 1743 AEtute
660 1695 980 1739 immatura.1.
1008 1710 1045 1738 e.
1072 1694 1130 1738 ad
1149 1693 1445 1751 imperatoris
1478 1692 1753 1752 dignitatem
1785 1692 1998 1736 nondum
2020 1709 2125 1736 ma—

404 1783 527 1829 tura,
562 1781 692 1816 natus
719 1772 843 1816 enim
870 1781 968 1814 erat
999 1770 1166 1829 viginti
1194 1770 1398 1828 quinque
1429 1785 1588 1814 annos

469 1851 572 1892 CAP.
620 1850 680 1891 ΙΙ.
719 1850 1008 1900 Demetrius,
1047 1863 1128 1890 rex
1163 1847 1441 1904 Illyriorum.
1479 1847 1589 1889 Erat
1632 1845 1668 1889 is
1702 1846 1966 1889 Demetrius
2003 1848 2126 1890 Pha-

402 1926 523 1980 rius,
557 1923 724 1983 pupilli
754 1923 893 1982 regii,
923 1923 1107 1977 Pinnae,
1143 1932 1270 1966 tutor
1303 1939 1311 1965 :
1347 1922 1427 1965 sed
1462 1922 1748 1976 Tritentam,
1781 1932 1975 1967 matrem
2007 1923 2127 1981 ejus,

403 2001 453 2044 in
486 1999 833 2043 matrimonium
882 2000 1034 2053 duxit,
1067 2008 1111 2042 et
1143 1999 1307 2057 spretis
1339 2000 1563 2041 Romanis
1583 1999 1776 2056 ,quibus
1815 2009 1948 2043 antea
1981 2002 2128 2046 suerat

403 2076 739 2129 deditissimus,
782 2090 939 2134 regem
975 2091 1021 2118 se
1061 2075 1214 2134 gessit.
1258 2076 1403 2133 Lege,
1452 2075 1508 2118 de
1555 2075 1654 2131 his,
1690 2079 1909 2131 Amana,
1954 2078 2002 2120 in
2052 2081 2126 2121 Il—

404 2153 575 2210 lyricis,

468 2230 513 2272 A
540 2230 703 2272 Paulo.
731 2230 765 2270 Ι.
807 2244 845 2272 e.
878 2228 1027 2271 Lucio
1053 2228 1245 2271 AEmilio
1277 2229 1458 2282 Paullo,
1492 2243 1530 2270 a.
1559 2241 1651 2286 219
1677 2244 1714 2272 a.
1743 2230 1789 2271 C.
1825 2229 1881 2272 N.

470 2307 613 2364 Apud
649 2307 973 2348 Trasimenum
1004 2307 1167 2349 lacum.
1195 2306 1251 2348 A.
1288 2320 1377 2360 217
1413 2321 1450 2346 a.
1488 2304 1534 2347 C.
1568 2307 1624 2349 N.

468 2382 783 2440 Affirmabat,·
819 2383 1058 2440 siquidem.
1095 2382 1274 2426 Similia
1306 2382 1385 2435 iis,
1435 2397 1532 2438 quae
1560 2381 1657 2437 jam
1703 2391 1988 2438 sequuntur,
2023 2392 2125 2427 tan—

405 2475 540 2516 quam
578 2459 744 2517 Agelai
790 2459 1032 2516 Naupactii
1064 2458 1435 2501 admonitionem
1469 2458 1528 2501 ad
1560 2460 1744 2500 Graecos
1779 2466 1823 2501 et
1858 2459 2125 2518 Philippum

405 2535 621 2592 exposuit
658 2535 906 2593 Polybius,
939 2536 967 2577 l.
1001 2551 1052 2590 V,
1085 2551 1121 2578 c.
1164 2535 1250 2578 103
1289 2550 1389 2592 sqq.
1425 2535 1602 2577 Notum
1640 2544 1707 2577 est
1740 2534 1848 2577 talia
1884 2536 1942 2578 ab
1974 2537 2126 2579 histo-

405 2610 509 2653 ricis
528 2626 581 2654 ex
601 2611 792 2669 ingenio
816 2611 948 2665 addi,
969 2611 1065 2668 jam
1089 2611 1198 2653 inde
1231 2610 1289 2653 ah
1314 2610 1574 2654 Herodoto.
1595 2610 1714 2653 Vide
1731 2611 1853 2665 infra
1871 2644 1884 2664 ,
1906 2628 2126 2666 xxxvnl,

408 2701 506 2743 cap.
543 2686 583 2729 3.

478 2763 580 2806 CAP.
610 2763 693 2805 ΠΙ.
720 2763 840 2818 Quia
871 2775 912 2807 et
935 2765 1163 2807 remotior.
1188 2764 1294 2806 Haec
1327 2779 1423 2806 non
1453 2763 1682 2821 intelligas
1714 2764 1803 2806 nisi
1834 2765 2120 2820 reputaveris

413 2837 468 2880 de
494 2838 681 2897 Illyrico
706 2839 780 2882 hic
805 2855 1067 2883 sermonem
1101 2857 1223 2895 esse,
1251 2849 1472 2898 tanquam
1500 2849 1631 2898 parte
1664 2840 1965 2883 Macedoniae.

472 2916 573 2957 CAP.
613 2917 692 2957 IV.
726 2918 898 2959 Iterato
918 2918 1102 2974 proelio.
1137 2917 1262 2960 Dicit
1307 2931 1538 2959 cannense
1569 2916 1795 2974 proelium.
1830 2917 1897 2957 De
1931 2931 2031 2974 sqq.
2067 2916 2122 2959 cf.

407 2991 512 3033 Lw.
543 3006 677 3033 xxui
701 3025 711 3044 ‚
745 3007 783 3035 c.
820 2991 905 3046 33,
937 2992 1023 3046 34,
1057 2993 1135 3051 qui
1167 3008 1222 3036 ex
1260 3001 1391 3050 parte
1428 2992 1606 3034 diversa
1642 2999 1810 3034 narrat.

474 3068 528 3108 In
566 3067 797 3110 Graeciam
834 3068 1096 3124 trajecisset.
1130 3073 1180 3111 A.
1218 3085 1304 3112 211
1336 3084 1374 3110 a.
1409 3070 1457 3111 C.
1488 3069 1542 3109 N.

471 3143 666 3185 Interea.
693 3144 730 3186 Ι,
765 3159 801 3186 e.
836 3144 925 3187 hoc
959 3146 1063 3188 loco
1101 3154 1206 3203 post
1239 3144 1489 3188 triennium
1526 3159 1534 3183 :
1566 3156 1657 3198 quo
1691 3149 1901 3198 tempore
1922 3143 2125 3187 celebres

408 3231 572 3274 pugnae
600 3219 852 3262 commissae
880 3229 987 3263 sunt
1018 3221 1077 3265 ad
1104 3221 1311 3264 Lamiam
1351 3229 1394 3263 et
1424 3219 1482 3260 ad
1508 3217 1640 3260 Elim.

474 3292 684 3336 Loevinus
710 3305 904 3352 proetor.
934 3297 1068 3339 Errat
1097 3298 1185 3339 hoc
1210 3298 1315 3340 loco
1345 3293 1564 3337 Justinus.
1602 3293 1718 3335 Nam
1750 3309 1883 3351 quem
1908 3294 1982 3337 hic
2012 3294 2125 3338 dicit
