2315 3868
373 372 457 401 102
1096 352 1329 396 JUSTINI

368 459 470 513 loci
503 478 563 511 ea
597 455 837 510 conditio
869 467 979 525 est,
1016 467 1075 508 ut
1111 475 1285 530 neque
1318 455 1579 508 munitius
1611 455 1899 528 quicquain
1940 474 2080 519 esse,

371 575 546 629 neque
587 555 851 608 amoenius
892 555 1079 630 possit.
1125 557 1209 608 Ita
1249 555 1392 609 enim
1434 566 1487 609 et
1529 553 1816 628 praeruptis
1855 552 2082 626 rupibus

371 653 608 728 undique
631 655 898 729 cingitur,
921 666 979 708 ut
1002 652 1170 708 tutela
1190 652 1296 707 loci
1319 650 1481 706 nullis
1504 651 1876 706 defensoribus
1897 663 2049 726 egeat
2072 673 2081 703 ε

369 765 420 805 et
455 750 553 806 soli
584 753 1017 828 circumjacentis
1051 763 1197 806 tanta
1227 751 1443 805 ubertas
1475 764 1580 821 est,
1614 764 1674 804 ut
1703 750 1938 826 propriis
1968 751 2085 825 opi-

369 853 470 905 bus
507 851 806 928 expleatur.
842 855 960 907 Jam
994 852 1227 906 fontium
1268 871 1327 904 ac
1367 850 1639 926 sylvarum
1679 871 1740 905 ea
1780 852 1935 926 copia
1974 862 2084 917 est,

371 964 432 1005 ut
483 963 536 1005 et
585 972 849 1026 aquarum
901 950 1237 1004 abundantia
1289 951 1581 1025 irrigetur,
1631 962 1683 1003 et
1735 950 2088 1004 venationum

372 1049 742 1126 voluptatibus
768 1062 1077 1103 exornetur.
1107 1048 1194 1104 Sic
1219 1052 1467 1117 ArsaceS,
1499 1048 1724 1122 quaesito
1751 1046 1910 1102 simul
1935 1069 2090 1102 cons-

373 1150 645 1223 titutoque
678 1169 872 1223 regnO,
905 1169 1015 1202 non
1056 1149 1234 1202 minus
1275 1145 1639 1202 memorabilis
1677 1147 1891 1200 Parthis
1929 1167 2091 1220 quam

373 1249 546 1302 Persis
577 1249 781 1323 CyrUS,
805 1247 1203 1302 Macedonibus
1234 1245 1565 1317 Alexander,
1593 1249 1857 1301 Romanis
1887 1250 2092 1301 Romu—

374 1346 492 1415 lus,
538 1359 754 1401 matura
800 1358 1106 1417 senectute,
1149 1345 1374 1400 decedit.
1423 1346 1593 1419 Cujus
1635 1347 1905 1399 memoriae
1945 1345 2093 1399 hunc

375 1446 641 1499 honorem
671 1445 857 1499 Parthi
890 1447 1226 1515 tribuerunt,
1259 1457 1320 1498 ut
1348 1465 1535 1499 omnes
1567 1442 1760 1498 exinde
1790 1464 1940 1519 reges
1970 1464 2093 1496 suos

378 1545 589 1598 Arsacis
640 1545 859 1596 nomine
909 1555 1243 1616 nuncupent.
1297 1543 1473 1616 Hujus
1522 1540 1662 1595 filius
1714 1554 1767 1594 et
1821 1562 2096 1595 successor

380 1642 566 1716 regni,
613 1645 830 1695 Arsaces
875 1653 925 1694 et
970 1642 1082 1715 ipse
1129 1643 1383 1708 nomine,
1425 1640 1682 1694 adversus
1727 1640 2094 1709 Antiochum,

381 1739 588 1795 Seleuci
620 1739 790 1794 filium
810 1784 822 1808 ,
857 1753 1074 1794 centum
1107 1738 1344 1794 millibus
1372 1739 1616 1814 peditum
1637 1782 1651 1806 ,
1681 1752 1733 1794 et
1762 1761 1830 1794 xx
1861 1738 2097 1794 millibus

383 1840 628 1913 equiturn
660 1840 1019 1908 instructum,
1053 1840 1189 1893 mira
1221 1841 1421 1893 virtute
1454 1841 1751 1915 pugnavit,
1787 1840 1853 1893 ad
1888 1852 2097 1914 postre-

385 1958 535 1991 mum
573 1938 627 1990 in
662 1938 973 1991 societatem
1011 1938 1123 2012 ejus
1156 1951 1463 2013 assumptus
1507 1951 1602 1992 est.
1637 1940 1853 1992 Tertius
1886 1940 2100 1992 Parthis,

386 2057 481 2090 rex
518 2037 822 2111 Priapatius
863 2037 994 2106 fuit,
1035 2036 1126 2090 sed
1171 2050 1224 2091 et
1268 2039 1381 2113 ipse
1424 2040 1650 2092 Arsaces
1691 2038 1881 2091 dictus.
1927 2040 2100 2106 Nam,

389 2137 527 2188 sicut
558 2156 720 2209 supra
756 2135 959 2189 dictum
995 2148 1104 2203 est,
1139 2157 1324 2190 omnes
1357 2157 1508 2211 reges
1545 2157 1668 2190 suos
1708 2137 1811 2190 hoc
1846 2139 2098 2206 nomine,

389 2234 555 2287 secuti
576 2236 807 2288 Romani
833 2238 1068 2290 Caesai‘es
1092 2238 1476 2310 Angustosque
1502 2236 1971 2309 cognominavere.
2001 2237 2103 2289 Hic

389 2333 520 2385 actis
552 2333 607 2385 in
640 2353 807 2407 regno
841 2332 1149 2407 quindecim
1183 2335 1340 2386 annis
1375 2333 1624 2402 decessit,
1659 2332 1857 2387 relictis
1891 2334 2103 2388 duobus

390 2429 534 2499 filiis,
562 2431 880 2485 Mithridate
906 2444 957 2485 et
982 2432 1276 2502 Phraliate,
1307 2454 1543 2507 quorum
1575 2433 1749 2507 major
1775 2434 2073 2487 Phrahates
2091 2477 2103 2501 ,

391 2550 540 2583 more
589 2532 795 2604 gentis,
843 2532 995 2585 heres
1040 2533 1223 2606 regni,
1271 2532 1525 2600 Mardos,
1574 2531 1806 2586 validam
1856 2544 2104 2607 gentem,

390 2626 531 2682 bello
564 2628 804 2699 domuit,
839 2651 936 2684 nec
968 2629 1141 2684 multo
1178 2644 1299 2705 post
1336 2631 1593 2698 decessit,
1637 2630 1820 2685 multis
1858 2630 1980 2684 filiis
2021 2652 2104 2684 re-

393 2726 532 2781 lictis
571 2750 581 2780 z
619 2729 815 2802 quibus
849 2730 1131 2803 praeteritis
1151 2774 1164 2797 ,
1200 2729 1353 2784 fratri
1386 2731 1728 2805 potissimum
1760 2729 2105 2799 Mithridati,

395 2828 619 2902 insignis
664 2829 881 2882 virtutis
926 2830 1073 2897 viro,
1121 2828 1338 2902 reliquit
1387 2830 1709 2903 imperium,
1756 2827 1876 2903 plus
1925 2829 2105 2903 regio.

394 2946 557 2998 quam
602 2928 779 3000 patrio
833 2926 1011 2981 deberi
1061 2929 1269 2981 nomini
1322 2941 1504 2997 ratus,
1555 2928 1842 3002 potiusque
1889 2929 2105 3001 patriae,

396 3045 558 3097 quam
594 3024 772 3079 liberis
805 3025 1213 3080 consulendum.

476 3125 569 3177 VI.
619 3124 823 3178 Eodem
855 3125 1020 3180 ferme
1055 3139 1329 3201 tempore,
1365 3128 1520 3180 sicuti
1555 3127 1608 3178 in
1641 3127 1854 3180 Parthis
1886 3128 2107 3181 Mithri-

401 3221 580 3291 dates,
614 3224 687 3276 ita
733 3224 786 3276 in
832 3226 1037 3278 Bactris
1083 3225 1430 3293 Eucratides,
1477 3226 1657 3299 magni
1707 3237 1932 3300 uterque
1979 3227 2107 3292 viri,

403 3339 564 3393 regna
606 3322 807 3375 ineunt.
850 3322 954 3376 Sed
996 3324 1319 3377 Parthorum
1363 3324 1579 3375 fortuna
1619 3323 1819 3378 felicior
1861 3324 1928 3378 ad
1961 3345 2106 3377 suin--
