2912 4368
943 506 1185 552 JUSTINI
1224 505 1523 549 HISTORIA
1545 508 1635 550 ΠΜ
1674 509 1788 552 LIB.
1821 509 1978 555 XXV.
2240 525 2292 564 ¹7

591 611 887 666 termisisse
921 632 933 665 ε
974 631 1201 686 prorsus
1237 610 1392 685 quasi
1429 608 1526 662 feri
1559 610 1762 665 auxilio
1800 634 1910 667 non
1950 613 2296 690 indigerent,

589 712 854 786 quoniam
888 710 1239 766 abundarent
1272 730 1428 764 auro.
1451 733 1477 760 n

668 814 739 867 ΙΙ.
776 814 894 866 Hac
923 809 1194 866 relatione
1220 809 1394 865 avidae
1427 830 1564 885 gens
1596 811 1765 864 animi
1797 814 1925 866 satis
1956 814 2024 868 ad
2055 815 2294 890 praedam

586 911 978 967 incitabantur.
1011 909 1326 966 Accedebat
1353 921 1528 965 tamer
1553 922 1584 964 t
1617 909 1933 988 exemplum
1965 912 2170 991 Belgii‚
2198 919 2295 993 qui

584 1033 697 1067 non
727 1032 932 1088 magno
970 1023 1097 1065 ante
1139 1023 1392 1087 tempore
1437 1012 1530 1064 Ma
1560 1009 1770 1066 donum
1818 1015 2120 1070 exercitum
2168 1038 2295 1073 cum

583 1133 710 1190 rege
762 1111 1152 1168 trucidaverat.
1205 1114 1438 1188 Itaque,
1499 1134 1526 1167 c
1568 1114 1935 1170 sentientibus
1999 1117 2295 1189 omnibus,

584 1226 746 1270 nocte
791 1226 972 1269 castra
1015 1213 1160 1290 regis
1208 1211 1533 1290 aggrediuni
1561 1236 1576 1266 Α·
1607 1235 1617 1268 :
1655 1215 1751 1290 qui
1787 1217 2143 1292 praesentiens
2178 1229 2298 1272 tan-

583 1326 696 1370 tam
732 1326 1152 1392 tempestatem,
1188 1314 1411 1391 signum
1449 1316 1531 1390 pri
1562 1336 1587 1368 e
1623 1314 1874 1386 dederat,
1908 1329 1995 1385 ut,
2034 1319 2293 1374 omnibus

580 1416 746 1473 rebus
783 1414 1013 1485 ablatiS,
1062 1416 1119 1469 in
1170 1415 1425 1491 proxima
1476 1435 1533 1490 sy
1569 1436 1587 1468 t
1632 1417 1785 1470 taciti
1829 1437 1885 1472 se
1931 1417 2293 1475 occultarent.

578 1519 777 1593 Neque
808 1515 969 1571 aliter
1009 1525 1223 1570 servata
1261 1527 1469 1586 castra,
1510 1537 1535 1590 (g
1566 1537 1634 1570 im
1678 1516 1829 1592 quod
1868 1516 2082 1573 deserta
2118 1532 2246 1575 sunt
2283 1544 2293 1575 :

577 1615 851 1693 siquidem
883 1614 1071 1686 Galli,
1104 1616 1200 1670 ubi
1246 1617 1435 1672 omnia
1468 1637 1533 1672 va
1568 1618 1679 1673 ntia
1699 1662 1713 1687 ,
1763 1639 1865 1673 nec
1899 1619 2017 1674 sine
2049 1619 2294 1677 defenso-

575 1717 729 1773 ribus
759 1716 961 1789 modo,
994 1738 1190 1773 verum
1233 1719 1401 1772 etiarn
1445 1717 1529 1772 sin
1573 1718 1879 1774 :ustodibus
1919 1720 2148 1791 vident,
2181 1743 2291 1776 non

575 1817 765 1895 fugam
793 1818 1066 1889 hostium,
1097 1816 1192 1874 sed
1222 1817 1414 1873 dolum
1448 1818 1536 1873 ar}
1575 1831 1775 1891 antes,
1802 1819 1896 1875 diu
1929 1821 2136 1876 intrare
2170 1843 2294 1898 por-

577 1931 657 1974 tas
692 1919 1017 1974 timuerunt.
1044 1919 1134 1974 Ad
1162 1931 1508 1995 postremum
1571 1921 1733 1996 tegi-is
1766 1932 1818 1974 et
1859 1921 2083 1976 intactis
2110 1923 2290 1977 muni-

575 2022 800 2092 mentiS,
831 2033 1139 2076 scrutantes
1174 2022 1390 2096 potiuS,
1431 2041 1536 2096 qua
1596 2021 1948 2097 diripientes,
1982 2034 2159 2077 castra
2198 2045 2290 2078 oc-

574 2135 938 2199 cupaverunt.
963 2125 1124 2178 Tunc
1160 2120 1387 2192 ablatis,
1413 2142 1536 2198 quae
1572 2135 1882 2194 ivenerant,
1917 2123 1985 2177 ad
2007 2122 2133 2178 litus
2159 2146 2289 2179 conn

573 2235 886 2278 vertuntur.
930 2224 1015 2278 Ibi
1054 2223 1187 2279 dum
1233 2244 1399 2278 naves
1439 2225 1544 2278 inc:
1576 2224 1677 2278 tius
1711 2224 2012 2300 diripiunt,
2058 2247 2089 2279 a
2125 2228 2288 2280 remi-

573 2324 734 2401 gibus
762 2336 816 2380 et
851 2325 921 2380 ab
957 2326 1228 2380 exercitus
1268 2336 1456 2401 parte,
1498 2346 1530 2400 q
1574 2353 1577 2359 ·
1610 2346 1673 2379 eo
1710 2346 1835 2379 cum
1867 2327 2197 2402 conjugibus
2233 2340 2286 2383 et

573 2424 760 2481 liberis
807 2425 1203 2503 confugerant,
1249 2423 1388 2480 nihil
1437 2424 1541 2480 tale
1581 2439 1855 2481 ietuentes
1894 2427 2280 2483 trucidantur:

576 2537 835 2602 tantaque
867 2526 1036 2582 caedes
1069 2524 1365 2584 Gallorum
1401 2526 1532 2598 fuit,
1573 2549 1587 2578 f,
1621 2528 1903 2604 Antigono
1937 2548 2126 2603 pacem
2170 2531 2284 2605 opi-

572 2627 665 2681 nio
697 2625 866 2702 hujus
913 2628 1193 2700 victoriae,
1225 2648 1338 2682 non
1373 2649 1404 2682 a
1435 2627 1561 2683 Gal·
1608 2640 1848 2699 tantum,
1883 2649 2077 2682 verum
2115 2629 2278 2684 etiam

569 2750 598 2784 a
625 2728 993 2783 finitimorum
1017 2727 1234 2784 feritate
1248 2728 1583 2805 wpraestitei
1617 2729 1955 2806 Quanquam
1986 2727 2278 2786 Gallmum

568 2851 631 2885 ea
657 2841 985 2906 tempestate
1008 2840 1174 2885 tantae
1188 2827 1808 2915 foecunditatisuventus
1835 2827 1972 2901 fuit,
1999 2840 2073 2886 ut
2087 2830 2277 2888 Asiam

1447 2927 1863 3026 &nymphi-ent.
1894 2930 2153 3008 Denique
2187 2950 2284 2989 ne*

566 3052 675 3108 que
710 3051 867 3110 reges
900 3025 1153 3089 Orientis
1184 3029 1353 3094 sine
1461 3110 1472 3119 ρ
1601 3031 1658 3086 io
1698 3027 2022 3088 Gallorum
2043 3056 2049 3063 ·
2078 3055 2081 3060 ·

564 3131 681 3188 ulla
707 3123 1206 3238 bellgffflnoerunt,
1258 3158 1281 3180 22
1297 3115 1556 3188 ’Ὗ
1912 3170 1917 3176 ,
1944 3189 1946 3191 ,
2328 3146 2435 3232 ,e

1847 3247 2390 3533 A(

1377 2927 1382 2949 i
1386 2907 1492 2960 -κὨβίζ

567 2952 820 3000 omnem,
854 2928 1010 2986 velut
1039 2929 1316 2985 examine
