<?xml version="1.0" encoding="UTF-8"?>
<!DOCTYPE html PUBLIC "-//W3C//DTD XHTML 1.0 Transitional//EN"
    "http://www.w3.org/TR/xhtml1/DTD/xhtml1-transitional.dtd">
<html xmlns="http://www.w3.org/1999/xhtml" xml:lang="en" lang="en">
 <head>
  <title>
</title>
<meta http-equiv="Content-Type" content="text/html;charset=utf-8" />
  <meta name='ocr-system' content='tesseract 3.04.00' />
  <meta name='ocr-capabilities' content='ocr_page ocr_carea ocr_par ocr_line ocrx_word'/>
</head>
<body>
  <div class='ocr_page' id='page_1' title='image "./historiarumphili00justuoft_0024.png"; bbox 0 0 2248 3697; ppageno 0'>
   <div class='ocr_carea' id='block_1_1' title="bbox 361 282 1336 326">
    <p class='ocr_par' dir='ltr' id='par_1_1' title="bbox 361 282 1336 326">
     <span class='ocr_line' id='line_1_1' title="bbox 361 282 1336 326; baseline 0.003 -5"><span class='ocrx_word' id='word_1_1' title='bbox 361 295 416 322; x_wconf 81' lang='lat'>10</span> <span class='ocrx_word' id='word_1_2' title='bbox 1103 282 1336 326; x_wconf 82' lang='lat' dir='ltr'>JUSTINI</span> 
     </span>
    </p>
   </div>
   <div class='ocr_carea' id='block_1_2' title="bbox 357 382 2071 460">
    <p class='ocr_par' dir='ltr' id='par_1_2' title="bbox 357 382 2071 460">
     <span class='ocr_line' id='line_1_2' title="bbox 357 382 2071 460; baseline -0.001 -24"><span class='ocrx_word' id='word_1_3' title='bbox 357 382 457 437; x_wconf 87' lang='lat' dir='ltr'>bus</span> <span class='ocrx_word' id='word_1_4' title='bbox 478 427 491 452; x_wconf 96' lang='lat'>,</span> <span class='ocrx_word' id='word_1_5' title='bbox 522 385 670 437; x_wconf 88' lang='lat' dir='ltr'>brevi</span> <span class='ocrx_word' id='word_1_6' title='bbox 699 395 821 458; x_wconf 85' lang='lat' dir='ltr'>post</span> <span class='ocrx_word' id='word_1_7' title='bbox 858 404 889 437; x_wconf 90' lang='lat' dir='ltr'>a</span> <span class='ocrx_word' id='word_1_8' title='bbox 924 383 1097 438; x_wconf 84' lang='lat' dir='ltr'>Gallis</span> <span class='ocrx_word' id='word_1_9' title='bbox 1132 384 1395 459; x_wconf 88' lang='lat' dir='ltr'>spoliatus</span> <span class='ocrx_word' id='word_1_10' title='bbox 1431 406 1600 460; x_wconf 86' lang='lat' dir='ltr'>regno</span> <span class='ocrx_word' id='word_1_11' title='bbox 1633 397 1932 460; x_wconf 88' lang='lat' dir='ltr'>captusque</span> <span class='ocrx_word' id='word_1_12' title='bbox 1952 426 1965 453; x_wconf 91' lang='lat'>,</span> <span class='ocrx_word' id='word_1_13' title='bbox 1996 384 2071 435; x_wconf 89' lang='lat' dir='ltr'>vi-</span> 
     </span>
    </p>
   </div>
   <div class='ocr_carea' id='block_1_3' title="bbox 358 492 1301 564">
    <p class='ocr_par' dir='ltr' id='par_1_3' title="bbox 358 492 1301 564">
     <span class='ocr_line' id='line_1_3' title="bbox 358 492 1301 564; baseline 0.004 -19"><span class='ocrx_word' id='word_1_14' title='bbox 358 505 466 546; x_wconf 88' lang='lat' dir='ltr'>tam</span> <span class='ocrx_word' id='word_1_15' title='bbox 497 492 667 562; x_wconf 87' lang='lat' dir='ltr'>ferrO,</span> <span class='ocrx_word' id='word_1_16' title='bbox 695 505 758 548; x_wconf 92' lang='lat' dir='ltr'>ut</span> <span class='ocrx_word' id='word_1_17' title='bbox 783 508 1081 564; x_wconf 89' lang='lat' dir='ltr'>meruerat,</span> <span class='ocrx_word' id='word_1_18' title='bbox 1104 496 1301 550; x_wconf 86' lang='lat' dir='ltr'>amisit.</span> 
     </span>
    </p>
   </div>
   <div class='ocr_carea' id='block_1_4' title="bbox 350 615 2085 3223">
    <p class='ocr_par' dir='ltr' id='par_1_4' title="bbox 350 615 2085 3223">
     <span class='ocr_line' id='line_1_4' title="bbox 433 615 2071 690; baseline -0.001 -22"><span class='ocrx_word' id='word_1_19' title='bbox 433 616 524 668; x_wconf 89' lang='lat' dir='ltr'>IV.</span> <span class='ocrx_word' id='word_1_20' title='bbox 572 616 824 689; x_wconf 80' lang='lat' dir='ltr'>Namque</span> <span class='ocrx_word' id='word_1_21' title='bbox 877 615 1060 682; x_wconf 88' lang='lat' dir='ltr'>Galli,</span> <span class='ocrx_word' id='word_1_22' title='bbox 1111 617 1412 671; x_wconf 76' lang='lat' dir='ltr'>abundanti</span> <span class='ocrx_word' id='word_1_23' title='bbox 1466 616 1844 683; x_wconf 88' lang='lat' dir='ltr'>multitudine,</span> <span class='ocrx_word' id='word_1_24' title='bbox 1899 635 2071 690; x_wconf 90' lang='lat' dir='ltr'>quum</span> 
     </span>
     <span class='ocr_line' id='line_1_5' title="bbox 353 725 2073 802; baseline 0.001 -25"><span class='ocrx_word' id='word_1_25' title='bbox 353 744 444 777; x_wconf 89' lang='lat' dir='ltr'>eos</span> <span class='ocrx_word' id='word_1_26' title='bbox 477 744 587 777; x_wconf 89' lang='lat' dir='ltr'>non</span> <span class='ocrx_word' id='word_1_27' title='bbox 613 737 872 800; x_wconf 80' lang='lat' dir='ltr'>caperent</span> <span class='ocrx_word' id='word_1_28' title='bbox 905 738 1093 796; x_wconf 81' lang='lat' dir='ltr'>terrae,</span> <span class='ocrx_word' id='word_1_29' title='bbox 1117 747 1237 800; x_wconf 86' lang='lat' dir='ltr'>quae</span> <span class='ocrx_word' id='word_1_30' title='bbox 1267 739 1605 802; x_wconf 88' lang='lat' dir='ltr'>genuerant,</span> <span class='ocrx_word' id='word_1_31' title='bbox 1634 738 1875 780; x_wconf 89' lang='lat' dir='ltr'>trecenta</span> <span class='ocrx_word' id='word_1_32' title='bbox 1906 725 2073 779; x_wconf 87' lang='lat' dir='ltr'>millia</span> 
     </span>
     <span class='ocr_line' id='line_1_6' title="bbox 356 834 2069 912; baseline 0.001 -25"><span class='ocrx_word' id='word_1_33' title='bbox 356 834 638 887; x_wconf 87' lang='lat' dir='ltr'>hominum</span> <span class='ocrx_word' id='word_1_34' title='bbox 662 834 730 888; x_wconf 93' lang='lat' dir='ltr'>ad</span> <span class='ocrx_word' id='word_1_35' title='bbox 752 834 902 888; x_wconf 86' lang='lat' dir='ltr'>sedes</span> <span class='ocrx_word' id='word_1_36' title='bbox 919 856 1088 889; x_wconf 92' lang='lat' dir='ltr'>novas</span> <span class='ocrx_word' id='word_1_37' title='bbox 1110 836 1448 910; x_wconf 79' lang='lat' dir='ltr'>quaerendaS,</span> <span class='ocrx_word' id='word_1_38' title='bbox 1466 835 1615 890; x_wconf 87' lang='lat' dir='ltr'>velut</span> <span class='ocrx_word' id='word_1_39' title='bbox 1636 838 2069 912; x_wconf 86' lang='lat' dir='ltr'>peregrinatum,</span> 
     </span>
     <span class='ocr_line' id='line_1_7' title="bbox 353 944 2072 1021; baseline 0.002 -24"><span class='ocrx_word' id='word_1_40' title='bbox 353 945 636 998; x_wconf 90' lang='lat' dir='ltr'>miserunt.</span> <span class='ocrx_word' id='word_1_41' title='bbox 672 947 753 998; x_wconf 85' lang='lat' dir='ltr'>Ex</span> <span class='ocrx_word' id='word_1_42' title='bbox 789 945 872 998; x_wconf 91' lang='lat' dir='ltr'>his</span> <span class='ocrx_word' id='word_1_43' title='bbox 913 947 1092 1021; x_wconf 89' lang='lat' dir='ltr'>portio</span> <span class='ocrx_word' id='word_1_44' title='bbox 1135 946 1191 998; x_wconf 89' lang='lat' dir='ltr'>in</span> <span class='ocrx_word' id='word_1_45' title='bbox 1227 944 1383 999; x_wconf 85' lang='lat' dir='ltr'>Italia</span> <span class='ocrx_word' id='word_1_46' title='bbox 1417 945 1696 1014; x_wconf 84' lang='lat' dir='ltr'>consedit,</span> <span class='ocrx_word' id='word_1_47' title='bbox 1731 968 1850 1020; x_wconf 84' lang='lat' dir='ltr'>quae</span> <span class='ocrx_word' id='word_1_48' title='bbox 1893 958 1943 1001; x_wconf 88' lang='lat' dir='ltr'>et</span> <span class='ocrx_word' id='word_1_49' title='bbox 1978 967 2072 1000; x_wconf 90' lang='lat' dir='ltr'>ur-</span> 
     </span>
     <span class='ocr_line' id='line_1_8' title="bbox 352 1054 2075 1131; baseline 0.002 -24"><span class='ocrx_word' id='word_1_50' title='bbox 352 1055 477 1107; x_wconf 90' lang='lat' dir='ltr'>bem</span> <span class='ocrx_word' id='word_1_51' title='bbox 526 1075 808 1108; x_wconf 83' lang='lat' dir='ltr'>romanam</span> <span class='ocrx_word' id='word_1_52' title='bbox 859 1066 1073 1131; x_wconf 73' lang='lat' dir='ltr'>captam</span> <span class='ocrx_word' id='word_1_53' title='bbox 1116 1055 1388 1124; x_wconf 71' lang='lat' dir='ltr'>incendit,</span> <span class='ocrx_word' id='word_1_54' title='bbox 1425 1067 1478 1109; x_wconf 90' lang='lat' dir='ltr'>et</span> <span class='ocrx_word' id='word_1_55' title='bbox 1515 1055 1696 1130; x_wconf 85' lang='lat' dir='ltr'>portio</span> <span class='ocrx_word' id='word_1_56' title='bbox 1727 1054 1972 1130; x_wconf 82' lang='lat' dir='ltr'>Illyricos</span> <span class='ocrx_word' id='word_1_57' title='bbox 2008 1057 2075 1110; x_wconf 92' lang='lat' dir='ltr'>si-</span> 
     </span>
     <span class='ocr_line' id='line_1_9' title="bbox 353 1163 2076 1242; baseline 0 -23"><span class='ocrx_word' id='word_1_58' title='bbox 353 1186 484 1233; x_wconf 80' lang='lat' dir='ltr'>nUS,</span> <span class='ocrx_word' id='word_1_59' title='bbox 520 1165 751 1219; x_wconf 89' lang='lat' dir='ltr'>ducibus</span> <span class='ocrx_word' id='word_1_60' title='bbox 786 1166 979 1220; x_wconf 89' lang='lat' dir='ltr'>avibus</span> <span class='ocrx_word' id='word_1_61' title='bbox 1015 1166 1166 1242; x_wconf 84' lang='lat' dir='ltr'>(nam</span> <span class='ocrx_word' id='word_1_62' title='bbox 1196 1165 1505 1241; x_wconf 80' lang='lat' dir='ltr'>augurandi</span> <span class='ocrx_word' id='word_1_63' title='bbox 1542 1164 1725 1219; x_wconf 88' lang='lat' dir='ltr'>studio</span> <span class='ocrx_word' id='word_1_64' title='bbox 1761 1163 1907 1221; x_wconf 83' lang='lat' dir='ltr'>Galli</span> <span class='ocrx_word' id='word_1_65' title='bbox 1940 1186 2076 1241; x_wconf 87' lang='lat' dir='ltr'>prae-</span> 
     </span>
     <span class='ocr_line' id='line_1_10' title="bbox 352 1275 2079 1353; baseline -0.001 -23"><span class='ocrx_word' id='word_1_66' title='bbox 352 1289 435 1330; x_wconf 90' lang='lat' dir='ltr'>ter</span> <span class='ocrx_word' id='word_1_67' title='bbox 460 1288 669 1331; x_wconf 90' lang='lat' dir='ltr'>ceteros</span> <span class='ocrx_word' id='word_1_68' title='bbox 697 1275 952 1347; x_wconf 56' lang='lat' dir='ltr'>callent),</span> <span class='ocrx_word' id='word_1_69' title='bbox 989 1298 1086 1353; x_wconf 87' lang='lat' dir='ltr'>per</span> <span class='ocrx_word' id='word_1_70' title='bbox 1116 1289 1325 1352; x_wconf 86' lang='lat' dir='ltr'>strages</span> <span class='ocrx_word' id='word_1_71' title='bbox 1353 1276 1718 1330; x_wconf 86' lang='lat' dir='ltr'>barbarorum</span> <span class='ocrx_word' id='word_1_72' title='bbox 1742 1276 2079 1352; x_wconf 86' lang='lat' dir='ltr'>penetravit,</span> 
     </span>
     <span class='ocr_line' id='line_1_11' title="bbox 354 1383 2079 1463; baseline -0.002 -22"><span class='ocrx_word' id='word_1_73' title='bbox 354 1400 407 1441; x_wconf 90' lang='lat' dir='ltr'>et</span> <span class='ocrx_word' id='word_1_74' title='bbox 439 1389 493 1441; x_wconf 92' lang='lat' dir='ltr'>in</span> <span class='ocrx_word' id='word_1_75' title='bbox 526 1389 813 1442; x_wconf 86' lang='lat' dir='ltr'>Pannonia</span> <span class='ocrx_word' id='word_1_76' title='bbox 841 1387 1086 1442; x_wconf 87' lang='lat' dir='ltr'>consedit</span> <span class='ocrx_word' id='word_1_77' title='bbox 1112 1408 1276 1463; x_wconf 85' lang='lat' dir='ltr'>:gens</span> <span class='ocrx_word' id='word_1_78' title='bbox 1300 1407 1519 1462; x_wconf 87' lang='lat' dir='ltr'>aspera,</span> <span class='ocrx_word' id='word_1_79' title='bbox 1555 1385 1758 1451; x_wconf 85' lang='lat' dir='ltr'>audax,</span> <span class='ocrx_word' id='word_1_80' title='bbox 1792 1383 2079 1450; x_wconf 88' lang='lat' dir='ltr'>bellicosa,</span> 
     </span>
     <span class='ocr_line' id='line_1_12' title="bbox 354 1494 2075 1574; baseline -0.002 -22"><span class='ocrx_word' id='word_1_81' title='bbox 354 1519 474 1572; x_wconf 83' lang='lat' dir='ltr'>quae</span> <span class='ocrx_word' id='word_1_82' title='bbox 498 1500 672 1572; x_wconf 90' lang='lat' dir='ltr'>prima</span> <span class='ocrx_word' id='word_1_83' title='bbox 707 1511 832 1574; x_wconf 91' lang='lat' dir='ltr'>post</span> <span class='ocrx_word' id='word_1_84' title='bbox 865 1497 1188 1565; x_wconf 82' lang='lat' dir='ltr'>Herculem,</span> <span class='ocrx_word' id='word_1_85' title='bbox 1223 1498 1307 1550; x_wconf 90' lang='lat' dir='ltr'>cui</span> <span class='ocrx_word' id='word_1_86' title='bbox 1359 1518 1421 1550; x_wconf 88' lang='lat' dir='ltr'>ea</span> <span class='ocrx_word' id='word_1_87' title='bbox 1464 1517 1548 1549; x_wconf 89' lang='lat' dir='ltr'>res</span> <span class='ocrx_word' id='word_1_88' title='bbox 1582 1497 1803 1549; x_wconf 82' lang='lat' dir='ltr'>virtutis</span> <span class='ocrx_word' id='word_1_89' title='bbox 1837 1494 2075 1549; x_wconf 90' lang='lat' dir='ltr'>admira-</span> 
     </span>
     <span class='ocr_line' id='line_1_13' title="bbox 355 1605 2079 1682; baseline -0.002 -20"><span class='ocrx_word' id='word_1_90' title='bbox 355 1611 560 1664; x_wconf 89' lang='lat' dir='ltr'>tionem</span> <span class='ocrx_word' id='word_1_91' title='bbox 616 1622 669 1664; x_wconf 93' lang='lat' dir='ltr'>et</span> <span class='ocrx_word' id='word_1_92' title='bbox 703 1608 1132 1664; x_wconf 84' lang='lat' dir='ltr'>immortalitatis</span> <span class='ocrx_word' id='word_1_93' title='bbox 1174 1609 1336 1662; x_wconf 86' lang='lat' dir='ltr'>fidem</span> <span class='ocrx_word' id='word_1_94' title='bbox 1390 1607 1573 1676; x_wconf 81' lang='lat' dir='ltr'>dedit,</span> <span class='ocrx_word' id='word_1_95' title='bbox 1612 1605 1836 1682; x_wconf 85' lang='lat' dir='ltr'>Alpium</span> <span class='ocrx_word' id='word_1_96' title='bbox 1874 1606 2079 1660; x_wconf 86' lang='lat' dir='ltr'>invicta</span> 
     </span>
     <span class='ocr_line' id='line_1_14' title="bbox 350 1715 2079 1797; baseline -0.003 -22"><span class='ocrx_word' id='word_1_97' title='bbox 350 1722 508 1797; x_wconf 82' lang='lat' dir='ltr'>juga,</span> <span class='ocrx_word' id='word_1_98' title='bbox 554 1732 606 1774; x_wconf 87' lang='lat' dir='ltr'>et</span> <span class='ocrx_word' id='word_1_99' title='bbox 641 1719 842 1795; x_wconf 85' lang='lat' dir='ltr'>frigore</span> <span class='ocrx_word' id='word_1_100' title='bbox 880 1718 1248 1773; x_wconf 82' lang='lat' dir='ltr'>intractabilia</span> <span class='ocrx_word' id='word_1_101' title='bbox 1284 1717 1403 1772; x_wconf 89' lang='lat' dir='ltr'>loca</span> <span class='ocrx_word' id='word_1_102' title='bbox 1450 1716 1787 1771; x_wconf 83' lang='lat' dir='ltr'>transcendit</span> <span class='ocrx_word' id='word_1_103' title='bbox 1821 1738 1831 1769; x_wconf 75' lang='grc' dir='ltr'>ε</span> <span class='ocrx_word' id='word_1_104' title='bbox 1868 1717 1941 1770; x_wconf 89' lang='lat' dir='ltr'>ibi</span> <span class='ocrx_word' id='word_1_105' title='bbox 1981 1715 2079 1769; x_wconf 93' lang='lat' dir='ltr'>do-</span> 
     </span>
     <span class='ocr_line' id='line_1_15' title="bbox 356 1828 2082 1905; baseline -0.003 -20"><span class='ocrx_word' id='word_1_106' title='bbox 356 1832 502 1886; x_wconf 90' lang='lat' dir='ltr'>mitis</span> <span class='ocrx_word' id='word_1_107' title='bbox 534 1831 860 1899; x_wconf 81' lang='lat' dir='ltr'>Pannoniis,</span> <span class='ocrx_word' id='word_1_108' title='bbox 903 1850 997 1905; x_wconf 89' lang='lat' dir='ltr'>per</span> <span class='ocrx_word' id='word_1_109' title='bbox 1044 1828 1248 1884; x_wconf 91' lang='lat' dir='ltr'>multos</span> <span class='ocrx_word' id='word_1_110' title='bbox 1277 1849 1450 1883; x_wconf 90' lang='lat' dir='ltr'>annos</span> <span class='ocrx_word' id='word_1_111' title='bbox 1487 1849 1611 1882; x_wconf 90' lang='lat' dir='ltr'>cum</span> <span class='ocrx_word' id='word_1_112' title='bbox 1648 1828 1894 1881; x_wconf 86' lang='lat' dir='ltr'>finitimis</span> <span class='ocrx_word' id='word_1_113' title='bbox 1931 1828 2082 1880; x_wconf 84' lang='lat' dir='ltr'>varia</span> 
     </span>
     <span class='ocr_line' id='line_1_16' title="bbox 356 1937 2083 2018; baseline -0.003 -22"><span class='ocrx_word' id='word_1_114' title='bbox 356 1941 498 1997; x_wconf 86' lang='lat' dir='ltr'>bella</span> <span class='ocrx_word' id='word_1_115' title='bbox 547 1953 854 2018; x_wconf 86' lang='lat' dir='ltr'>gesserunt.</span> <span class='ocrx_word' id='word_1_116' title='bbox 891 1943 1162 1994; x_wconf 84' lang='lat' dir='ltr'>Hortante</span> <span class='ocrx_word' id='word_1_117' title='bbox 1201 1939 1396 1994; x_wconf 86' lang='lat' dir='ltr'>deinde</span> <span class='ocrx_word' id='word_1_118' title='bbox 1433 1959 1718 2007; x_wconf 73' lang='lat' dir='ltr'>succeSSU,</span> <span class='ocrx_word' id='word_1_119' title='bbox 1765 1937 1953 1992; x_wconf 86' lang='lat' dir='ltr'>divisis</span> <span class='ocrx_word' id='word_1_120' title='bbox 1991 1958 2083 2013; x_wconf 86' lang='lat' dir='ltr'>ag-</span> 
     </span>
     <span class='ocr_line' id='line_1_17' title="bbox 358 2047 2082 2122; baseline -0.003 -16"><span class='ocrx_word' id='word_1_121' title='bbox 358 2054 622 2122; x_wconf 77' lang='lat' dir='ltr'>minibUS,</span> <span class='ocrx_word' id='word_1_122' title='bbox 659 2050 749 2106; x_wconf 86' lang='lat' dir='ltr'>alii</span> <span class='ocrx_word' id='word_1_123' title='bbox 784 2052 1084 2121; x_wconf 78' lang='lat' dir='ltr'>Graeciam,</span> <span class='ocrx_word' id='word_1_124' title='bbox 1123 2049 1214 2105; x_wconf 91' lang='lat' dir='ltr'>alii</span> <span class='ocrx_word' id='word_1_125' title='bbox 1258 2049 1678 2116; x_wconf 87' lang='lat' dir='ltr'>Macedoniam,</span> <span class='ocrx_word' id='word_1_126' title='bbox 1716 2049 1901 2102; x_wconf 90' lang='lat' dir='ltr'>omnia</span> <span class='ocrx_word' id='word_1_127' title='bbox 1936 2047 2082 2101; x_wconf 89' lang='lat' dir='ltr'>ferro</span> 
     </span>
     <span class='ocr_line' id='line_1_18' title="bbox 357 2159 2083 2239; baseline -0.003 -21"><span class='ocrx_word' id='word_1_128' title='bbox 357 2176 725 2238; x_wconf 90' lang='lat' dir='ltr'>proterentes,</span> <span class='ocrx_word' id='word_1_129' title='bbox 761 2165 1018 2239; x_wconf 84' lang='lat' dir='ltr'>petivere.</span> <span class='ocrx_word' id='word_1_130' title='bbox 1052 2165 1372 2237; x_wconf 88' lang='lat' dir='ltr'>Tantusque</span> <span class='ocrx_word' id='word_1_131' title='bbox 1418 2174 1595 2215; x_wconf 88' lang='lat' dir='ltr'>terror</span> <span class='ocrx_word' id='word_1_132' title='bbox 1628 2159 1807 2236; x_wconf 86' lang='lat' dir='ltr'>gallici</span> <span class='ocrx_word' id='word_1_133' title='bbox 1844 2161 2083 2214; x_wconf 91' lang='lat' dir='ltr'>nominis</span> 
     </span>
     <span class='ocr_line' id='line_1_19' title="bbox 358 2269 2082 2350; baseline -0.003 -21"><span class='ocrx_word' id='word_1_134' title='bbox 358 2286 498 2342; x_wconf 89' lang='lat' dir='ltr'>erat,</span> <span class='ocrx_word' id='word_1_135' title='bbox 536 2287 596 2329; x_wconf 86' lang='lat' dir='ltr'>ut</span> <span class='ocrx_word' id='word_1_136' title='bbox 627 2275 789 2328; x_wconf 89' lang='lat' dir='ltr'>etiam</span> <span class='ocrx_word' id='word_1_137' title='bbox 822 2295 975 2350; x_wconf 87' lang='lat' dir='ltr'>reges</span> <span class='ocrx_word' id='word_1_138' title='bbox 1011 2294 1123 2327; x_wconf 93' lang='lat' dir='ltr'>non</span> <span class='ocrx_word' id='word_1_139' title='bbox 1160 2271 1431 2341; x_wconf 88' lang='lat' dir='ltr'>lacessiti,</span> <span class='ocrx_word' id='word_1_140' title='bbox 1464 2269 1611 2325; x_wconf 90' lang='lat' dir='ltr'>ultro</span> <span class='ocrx_word' id='word_1_141' title='bbox 1647 2291 1836 2345; x_wconf 88' lang='lat' dir='ltr'>pacem</span> <span class='ocrx_word' id='word_1_142' title='bbox 1873 2271 2082 2345; x_wconf 87' lang='lat' dir='ltr'>ingenti</span> 
     </span>
     <span class='ocr_line' id='line_1_20' title="bbox 360 2379 2083 2459; baseline -0.002 -22"><span class='ocrx_word' id='word_1_143' title='bbox 360 2384 588 2459; x_wconf 89' lang='lat' dir='ltr'>pecunia</span> <span class='ocrx_word' id='word_1_144' title='bbox 628 2394 1019 2437; x_wconf 83' lang='lat' dir='ltr'>mercarentur.</span> <span class='ocrx_word' id='word_1_145' title='bbox 1058 2380 1217 2437; x_wconf 90' lang='lat' dir='ltr'>Solus</span> <span class='ocrx_word' id='word_1_146' title='bbox 1249 2403 1344 2436; x_wconf 84' lang='lat' dir='ltr'>rex</span> <span class='ocrx_word' id='word_1_147' title='bbox 1383 2381 1721 2436; x_wconf 77' lang='lat' dir='ltr'>Macedoniae</span> <span class='ocrx_word' id='word_1_148' title='bbox 1760 2379 2083 2435; x_wconf 76' lang='lat' dir='ltr'>Ptolemaeus</span> 
     </span>
     <span class='ocr_line' id='line_1_21' title="bbox 361 2492 2085 2568; baseline -0.002 -19"><span class='ocrx_word' id='word_1_149' title='bbox 361 2495 658 2549; x_wconf 85' lang='lat' dir='ltr'>adventum</span> <span class='ocrx_word' id='word_1_150' title='bbox 680 2492 967 2550; x_wconf 90' lang='lat' dir='ltr'>Gallorum</span> <span class='ocrx_word' id='word_1_151' title='bbox 993 2492 1303 2568; x_wconf 91' lang='lat' dir='ltr'>intrepidus</span> <span class='ocrx_word' id='word_1_152' title='bbox 1330 2492 1570 2561; x_wconf 65' lang='lat' dir='ltr'>audivit,</span> <span class='ocrx_word' id='word_1_153' title='bbox 1598 2493 1791 2565; x_wconf 88' lang='lat' dir='ltr'>hisque</span> <span class='ocrx_word' id='word_1_154' title='bbox 1817 2512 1939 2545; x_wconf 92' lang='lat' dir='ltr'>cum</span> <span class='ocrx_word' id='word_1_155' title='bbox 1954 2512 2085 2566; x_wconf 93' lang='lat' dir='ltr'>pau-</span> 
     </span>
     <span class='ocr_line' id='line_1_22' title="bbox 363 2601 2083 2678; baseline -0.001 -19"><span class='ocrx_word' id='word_1_156' title='bbox 363 2606 436 2659; x_wconf 88' lang='lat' dir='ltr'>cis</span> <span class='ocrx_word' id='word_1_157' title='bbox 466 2617 518 2659; x_wconf 85' lang='lat' dir='ltr'>et</span> <span class='ocrx_word' id='word_1_158' title='bbox 554 2604 960 2678; x_wconf 89' lang='lat' dir='ltr'>incompositis,</span> <span class='ocrx_word' id='word_1_159' title='bbox 992 2603 1147 2677; x_wconf 89' lang='lat' dir='ltr'>quasi</span> <span class='ocrx_word' id='word_1_160' title='bbox 1178 2601 1320 2656; x_wconf 84' lang='lat' dir='ltr'>bella</span> <span class='ocrx_word' id='word_1_161' title='bbox 1352 2623 1463 2656; x_wconf 86' lang='lat' dir='ltr'>non</span> <span class='ocrx_word' id='word_1_162' title='bbox 1495 2601 1766 2657; x_wconf 87' lang='lat' dir='ltr'>difficilius</span> <span class='ocrx_word' id='word_1_163' title='bbox 1788 2623 1950 2676; x_wconf 90' lang='lat' dir='ltr'>quam</span> <span class='ocrx_word' id='word_1_164' title='bbox 1982 2623 2083 2657; x_wconf 90' lang='lat' dir='ltr'>sce-</span> 
     </span>
     <span class='ocr_line' id='line_1_23' title="bbox 365 2711 2078 2790; baseline -0.002 -22"><span class='ocrx_word' id='word_1_165' title='bbox 365 2714 476 2768; x_wconf 87' lang='lat' dir='ltr'>lera</span> <span class='ocrx_word' id='word_1_166' title='bbox 502 2726 882 2790; x_wconf 81' lang='lat' dir='ltr'>patrarentur,</span> <span class='ocrx_word' id='word_1_167' title='bbox 911 2712 1328 2789; x_wconf 85' lang='lat' dir='ltr'>parricidiorum</span> <span class='ocrx_word' id='word_1_168' title='bbox 1361 2711 1515 2767; x_wconf 87' lang='lat' dir='ltr'>furiis</span> <span class='ocrx_word' id='word_1_169' title='bbox 1542 2713 1802 2788; x_wconf 86' lang='lat' dir='ltr'>agitatus,</span> <span class='ocrx_word' id='word_1_170' title='bbox 1822 2714 2078 2767; x_wconf 90' lang='lat' dir='ltr'>occurrit.</span> 
     </span>
     <span class='ocr_line' id='line_1_24' title="bbox 364 2820 2085 2900; baseline -0.003 -19"><span class='ocrx_word' id='word_1_171' title='bbox 364 2824 747 2881; x_wconf 87' lang='lat' dir='ltr'>Dardanorum</span> <span class='ocrx_word' id='word_1_172' title='bbox 781 2845 999 2899; x_wconf 87' lang='lat' dir='ltr'>quoque</span> <span class='ocrx_word' id='word_1_173' title='bbox 1035 2823 1386 2900; x_wconf 87' lang='lat' dir='ltr'>legationem,</span> <span class='ocrx_word' id='word_1_174' title='bbox 1425 2822 1621 2897; x_wconf 88' lang='lat' dir='ltr'>viginti</span> <span class='ocrx_word' id='word_1_175' title='bbox 1658 2820 1828 2875; x_wconf 89' lang='lat' dir='ltr'>millia</span> <span class='ocrx_word' id='word_1_176' title='bbox 1852 2834 2085 2876; x_wconf 84' lang='lat' dir='ltr'>armato-</span> 
     </span>
     <span class='ocr_line' id='line_1_25' title="bbox 366 2931 2083 3007; baseline -0.002 -18"><span class='ocrx_word' id='word_1_177' title='bbox 366 2955 488 2989; x_wconf 84' lang='lat' dir='ltr'>rum</span> <span class='ocrx_word' id='word_1_178' title='bbox 537 2936 593 2988; x_wconf 92' lang='lat' dir='ltr'>in</span> <span class='ocrx_word' id='word_1_179' title='bbox 645 2933 909 2988; x_wconf 78' lang='lat' dir='ltr'>auxilium</span> <span class='ocrx_word' id='word_1_180' title='bbox 952 2935 1299 3004; x_wconf 88' lang='lat' dir='ltr'>offerentem,</span> <span class='ocrx_word' id='word_1_181' title='bbox 1345 2932 1577 3007; x_wconf 86' lang='lat' dir='ltr'>sprevit,</span> <span class='ocrx_word' id='word_1_182' title='bbox 1626 2931 1811 2985; x_wconf 90' lang='lat' dir='ltr'>addita</span> <span class='ocrx_word' id='word_1_183' title='bbox 1862 2933 2083 3007; x_wconf 85' lang='lat' dir='ltr'>insuper</span> 
     </span>
     <span class='ocr_line' id='line_1_26' title="bbox 369 3042 2082 3116; baseline -0.004 -16"><span class='ocrx_word' id='word_1_184' title='bbox 369 3045 723 3116; x_wconf 86' lang='lat' dir='ltr'>contumelia,</span> <span class='ocrx_word' id='word_1_185' title='bbox 762 3058 981 3100; x_wconf 86' lang='lat' dir='ltr'>«actum</span> <span class='ocrx_word' id='word_1_186' title='bbox 1011 3046 1075 3100; x_wconf 88' lang='lat' dir='ltr'>de</span> <span class='ocrx_word' id='word_1_187' title='bbox 1106 3044 1430 3099; x_wconf 78' lang='lat' dir='ltr'>Macedonia</span> <span class='ocrx_word' id='word_1_188' title='bbox 1454 3042 1667 3110; x_wconf 88' lang='lat' dir='ltr'>dicens,</span> <span class='ocrx_word' id='word_1_189' title='bbox 1695 3044 1763 3109; x_wconf 80' lang='lat' dir='ltr'>si,</span> <span class='ocrx_word' id='word_1_190' title='bbox 1805 3062 1972 3116; x_wconf 92' lang='lat' dir='ltr'>quum</span> <span class='ocrx_word' id='word_1_191' title='bbox 1999 3054 2082 3095; x_wconf 87' lang='lat' dir='ltr'>to-</span> 
     </span>
     <span class='ocr_line' id='line_1_27' title="bbox 368 3152 2081 3223; baseline -0.004 -13"><span class='ocrx_word' id='word_1_192' title='bbox 368 3170 484 3212; x_wconf 88' lang='lat' dir='ltr'>tum</span> <span class='ocrx_word' id='word_1_193' title='bbox 519 3159 802 3213; x_wconf 83' lang='lat' dir='ltr'>Orientem</span> <span class='ocrx_word' id='word_1_194' title='bbox 825 3155 924 3212; x_wconf 89' lang='lat' dir='ltr'>soli</span> <span class='ocrx_word' id='word_1_195' title='bbox 947 3156 1291 3223; x_wconf 89' lang='lat' dir='ltr'>domuerint,</span> <span class='ocrx_word' id='word_1_196' title='bbox 1316 3175 1459 3207; x_wconf 88' lang='lat' dir='ltr'>nunc</span> <span class='ocrx_word' id='word_1_197' title='bbox 1491 3153 1543 3206; x_wconf 91' lang='lat' dir='ltr'>in</span> <span class='ocrx_word' id='word_1_198' title='bbox 1571 3153 1866 3206; x_wconf 84' lang='lat' dir='ltr'>vindictam</span> <span class='ocrx_word' id='word_1_199' title='bbox 1892 3152 2081 3206; x_wconf 89' lang='lat' dir='ltr'>finium</span> 
     </span>
    </p>
   </div>
   <div class='ocr_carea' id='block_1_5' title="bbox 368 3260 2085 3346">
    <p class='ocr_par' dir='ltr' id='par_1_5' title="bbox 368 3260 2085 3346">
     <span class='ocr_line' id='line_1_28' title="bbox 368 3260 2085 3346; baseline -0.007 -24"><span class='ocrx_word' id='word_1_200' title='bbox 368 3268 640 3323; x_wconf 81' lang='lat' dir='ltr'>Dardanis</span> <span class='ocrx_word' id='word_1_201' title='bbox 675 3280 867 3346; x_wconf 81' lang='lat' dir='ltr'>egeant</span> <span class='ocrx_word' id='word_1_202' title='bbox 906 3289 915 3319; x_wconf 75' lang='grc' dir='ltr'>ε</span> <span class='ocrx_word' id='word_1_203' title='bbox 953 3265 1150 3321; x_wconf 86' lang='lat' dir='ltr'>milites</span> <span class='ocrx_word' id='word_1_204' title='bbox 1191 3286 1244 3318; x_wconf 85' lang='lat' dir='ltr'>sc</span> <span class='ocrx_word' id='word_1_205' title='bbox 1297 3264 1498 3317; x_wconf 79' lang='lat' dir='ltr'>habere</span> <span class='ocrx_word' id='word_1_206' title='bbox 1552 3260 1689 3315; x_wconf 82' lang='lat' dir='ltr'>filios</span> <span class='ocrx_word' id='word_1_207' title='bbox 1737 3282 1956 3330; x_wconf 84' lang='lat' dir='ltr'>eorum,</span> <span class='ocrx_word' id='word_1_208' title='bbox 1992 3260 2085 3333; x_wconf 87' lang='lat' dir='ltr'>qui</span> 
     </span>
    </p>
   </div>
  </div>
 </body>
</html>
