2315 3868
617 369 946 415 HISTORIAS
982 367 1372 412 PHILIPPICAS.
1768 379 1792 408 2
1805 381 1819 407 1
1834 380 1856 419 7

143 470 349 521 Parnos,
386 468 567 512 vicinus
593 466 736 510 Dahis
767 465 989 524 populus,
1031 482 1054 507 a
1086 464 1258 507 Graecis
1293 477 1483 521 quoque
1521 476 1859 520 nonnunquam

141 553 314 608 Σπάρνοι
346 545 512 588 dictus.
541 546 698 587 Recte.

206 623 391 666 Fines...
436 624 482 665 in
520 632 695 665 tantum
730 623 978 680 protulere.
1008 617 1126 660 Vide
1160 618 1421 671 S'rmnon.‚
1451 631 1528 669 xl,
1570 630 1614 673 p.
1656 614 1779 668 354,
1817 622 1861 657 et

140 700 363 744 ΑΜΜιΑΝ.
391 701 664 751 ΜΑΒοΕιι.,
698 713 857 753 xxlu,
884 712 919 739 c.
956 695 1007 749 6,
1033 697 1055 749 g
1082 692 1140 746 43
1169 709 1268 751 sqq.

206 776 310 818 Cap.
331 777 392 818 II.
418 775 608 833 Signum
632 774 704 817 his
722 775 767 817 in
784 774 1002 832 proelio...
1025 783 1250 829 tympano
1266 771 1417 812 datur.
1437 767 1555 811 Vide
1572 770 1862 822 prunnon„

148 852 255 895 Vita
291 851 478 905 Crassi,
509 867 545 894 c.
581 852 654 895 23.

204 928 389 971 Loricoe
411 930 654 987 plumntoe.
682 930 715 970 I.
744 943 781 970 e.
814 942 869 969 ex
899 925 1082 970 laminis
1106 924 1267 968 ferreis
1301 924 1351 966 in
1373 923 1565 966 modum
1589 923 1759 981 plumae
1789 922 1860 965 fa-

139 1004 222 1046 ctis
249 1013 485 1047 consertae.

205 1082 310 1125 Cap,
356 1083 441 1125 III.
471 1082 736 1140 Sepultura.
772 1080 875 1123 Hoc
910 1079 968 1122 de
1002 1078 1230 1137 Hyrcanis
1262 1078 1430 1135 vulgo,
1463 1091 1560 1119 non
1591 1075 1648 1119 de
1682 1075 1863 1118 Parthis

137 1167 365 1202 narratur.

204 1235 309 1277 CAP.
348 1235 427 1278 IV.
460 1235 661 1278 Seleuco.
691 1233 874 1277 Scilicet
907 1232 1135 1276 Callinico
1166 1232 1239 1275 vel
1270 1232 1490 1289 Pogone:
1526 1229 1562 1272 is
1594 1238 1747 1272 autem
1766 1232 1863 1273 An—

136 1310 282 1354 tiochi
325 1311 503 1355 Soteris
541 1310 687 1353 modo
732 1309 981 1352 memorati
1022 1323 1170 1365 nepos
1217 1316 1340 1361 erat,
1385 1322 1482 1348 non
1525 1321 1786 1364 pronepos,
1816 1316 1866 1348 ut

137 1386 373 1430 scribitur.
393 1388 613 1430 Errorem
631 1385 1017 1442 chronologicum
1035 1384 1111 1426 hic
1136 1383 1432 1426 commissum
1451 1382 1703 1440 explicavit
1719 1383 1863 1426 Henr.

136 1461 346 1505 Valesius
375 1462 433 1506 ad
465 1460 695 1505 Ammian.
721 1461 955 1514 Marcell.‚
985 1475 1140 1513 xxia,
1165 1474 1202 1502 c.
1239 1458 1290 1513 6,
1324 1468 1368 1501 et
1397 1461 1570 1517 Bayer,
1605 1460 1720 1501 Hist.
1740 1454 1866 1518 regni

139 1540 327 1591 Bacca,
360 1553 406 1596 p.
443 1536 500 1582 51
539 1553 640 1595 sqq.

202 1614 435 1657 Antiochi.
472 1613 581 1657 Scil.
614 1611 837 1656 Hieracis.
870 1611 992 1655 Vide
1022 1626 1184 1664 xxvu,
1216 1627 1252 1654 c.
1289 1625 1330 1654 2.

209 1690 469 1750 Oppressit.
517 1691 626 1733 Haec
668 1688 866 1732 victoria
914 1697 957 1731 et
1007 1703 1105 1745 quae
1146 1688 1242 1745 jam
1289 1697 1568 1746 sequuntur,
1615 1689 1865 1732 secundum

142 1767 332 1811 Suidam
370 1775 415 1810 et
456 1765 869 1824 chronographos,
899 1763 1144 1807 tribuenda
1190 1773 1296 1807 sunt
1343 1764 1477 1808 alteri
1520 1765 1700 1819 Arsaci,
1736 1765 1866 1808 fratri

141 1844 301 1902 hujus,
327 1844 529 1886 Tiridati
557 1841 855 1902 cognomine.
885 1841 959 1884 Sic
990 1849 1113 1884 recte
1145 1841 1312 1884 factum
1359 1842 1418 1884 ab
1450 1842 1730 1896 Vaillanfio,
1768 1846 1867 1886 An—

137 1923 262 1973 nal„
296 1935 343 1979 p.
385 1935 441 1964 10
476 1936 577 1979 sqq.

209 1998 354 2054 Quem
380 1997 518 2040 diem.
554 1996 690 2040 Diem
724 1995 821 2054 jam
846 1995 1051 2039 inveniri
1077 2010 1175 2038 non
1201 1995 1305 2038 licet
1323 2031 1334 2052 ‚
1374 1996 1454 2039 sed
1487 1997 1717 2055 Bayerus,
1745 1998 1862 2041 Hist.

139 2075 331 2128 Bactr.,
369 2088 413 2132 p.
442 2071 502 2132 59
539 2090 639 2133 sqq.
659 2108 671 2130 ,
701 2073 955 2132 quaestione
978 2072 1188 2116 instituta
1221 2088 1392 2115 annum
1429 2073 1669 2118 constituit
1701 2082 1793 2127 240
1822 2091 1864 2118 a.

140 2152 190 2196 C.
222 2152 280 2196 N.

204 2229 317 2288 Cap.
354 2230 408 2271 V.
443 2227 591 2283 Hujus
622 2227 670 2286 (i.
710 2242 748 2270 e.
782 2223 1191 2284 Tiridatis)filiu5.
1226 2225 1518 2282 Artabanus,
1557 2242 1640 2269 rex
1671 2227 1864 2284 tertius,

140 2305 223 2349 sed
251 2321 276 2348 a
307 2305 466 2363 Trogo
511 2318 702 2362 quoque
732 2317 821 2361 pro
854 2301 1060 2345 secundo
1095 2301 1303 2356 habitus,
1340 2310 1392 2344 ut
1426 2317 1481 2345 ex
1516 2304 1719 2364 Prologo
1758 2302 1863 2348 effi-

140 2390 271 2426 citur.

208 2459 496 2502 Antiochum.
530 2455 713 2499 Scilicet
735 2456 980 2512 Magnum,
1008 2453 1218 2497 Callinici
1242 2451 1415 2508 filium,
1444 2469 1482 2498 a.
1503 2454 1551 2498 C.
1581 2457 1635 2499 N.
1665 2456 1771 2500 208.

211 2535 384 2578 Tertius
388 2568 463 2578 .....
491 2548 593 2576 rex.
618 2530 785 2575 Verius
816 2530 874 2573 ab
900 2529 1001 2573 aliis
1024 2541 1213 2589 quartus
1248 2530 1431 2574 dicitur.

207 2611 487 2654 Mithridati.
520 2610 672 2664 Quem
700 2616 823 2651 recte
860 2606 1052 2650 Orosius
1082 2623 1127 2662 V,
1160 2622 1196 2650 c.
1229 2613 1254 2659 4
1272 2641 1283 2663 ‚
1306 2617 1487 2650 sextum
1513 2609 1573 2651 ab
1597 2612 1777 2654 Arsace
1789 2626 1864 2655 re—

141 2702 247 2746 gem
281 2687 499 2746 appellat.

205 2764 310 2807 CAP.
343 2765 423 2808 VI.
464 2763 754 2810 Eucratides,
790 2761 883 2816 Qui
922 2760 1135 2818 regnavit
1179 2761 1237 2803 ab
1283 2776 1407 2804 anno
1461 2761 1704 2817 181-146,
1750 2763 1862 2807 dum

142 2838 438 2883 Mithridates
473 2839 522 2881 in
556 2838 738 2882 Parthis
774 2838 834 2881 ab
869 2837 1035 2880 eodem
1067 2836 1212 2879 ferme
1255 2852 1378 2880 anno
1414 2853 1559 2896 usque
1594 2838 1653 2881 ad
1703 2838 1790 2883 136
1824 2857 1861 2884 a.

143 2915 191 2957 C.
230 2915 286 2958 N.
311 2914 378 2959 Cf.
404 2917 674 2970 LAssENUM‚
705 2913 827 2957 Diss.
853 2914 956 2968 cit.‚
981 2929 1026 2972 p.
1058 2911 1117 2965 54
1148 2929 1248 2971 sqq.

214 2991 552 3050 Sogdianorum
581 3001 628 3034 et
652 2990 1030 3050 Drungz'unorum
1053 2990 1380 3049 Indorumque.
1407 2991 1518 3033 Non
1550 2989 1751 3036 fideliter
1768 2993 1862 3038 haec

144 3081 200 3108 ex
241 3066 516 3110 melioribus
551 3068 683 3112 MSS.
725 3081 963 3124 expressa,
1003 3065 1081 3123 qui
1117 3065 1327 3123 praebent
1355 3081 1364 3108 ε
1397 3087 1415 3105 «
1444 3066 1789 3125 Sogdianorum
1819 3080 1862 3114 et

143 3142 486 3185 Arachotorum
519 3151 563 3186 et
579 3142 967 3201 Drangaritorum
994 3142 1316 3199 Indorumque
1342 3158 1351 3184 :
1383 3162 1400 3181 »
1434 3142 1482 3185 in
1513 3159 1603 3201 qua
1636 3145 1859 3201 lectione,

144 3228 193 3261 nt
225 3218 284 3261 ab
309 3219 437 3261 omni
470 3227 598 3278 parte
628 3220 830 3279 genuina
859 3219 936 3273 sit,
959 3218 1077 3261 nihil
1109 3227 1249 3262 restat
1277 3234 1414 3278 quam
1439 3228 1488 3262 ut
1520 3221 1737 3265 emendes
1759 3239 1857 3266 cum

144 3297 267 3338 Luca
297 3295 571 3351 Holstenio‚
610 3296 659 3339 in
688 3296 935 3340 Comment.
962 3297 1030 3339 ad
1047 3296 1208 3355 Sceph.
1241 3298 1384 3353 Byz.,
1403 3312 1448 3354 p.
1491 3296 1575 3340 103
1616 3314 1624 3339 :
1659 3319 1676 3337 «
1705 3301 1857 3343 Dran„

146 3386 307 3429 garum
352 3382 393 3415 et
432 3373 666 3417 Ariorum.
703 3393 719 3410 κ
767 3374 978 3417 Ceterum
1014 3373 1179 3416 horum
1231 3373 1461 3416 bellorum
1508 3389 1612 3431 pars
1642 3375 1736 3433 jam
1774 3378 1858 3419 sub
