2248 3697
389 226 625 271 JUSTINI
662 223 1104 269 HISTORIARUM
1141 226 1255 268 LIB.
1287 226 1535 270 XXXVII.
1758 228 1814 281 73

95 350 227 384 wa
274 349 444 383 annos
488 328 635 382 varia
677 327 902 380 victoria
940 327 1197 400 gesserit,
1239 348 1407 400 quum
1453 349 1577 383 eum
1617 332 1812 383 summi

97 429 478 502 imperatoreS,
536 423 712 501 Sylla,
765 422 1061 493 Lucullus,
1116 425 1422 498 ceterique,
1488 429 1542 480 in
1602 449 1811 483 summa

95 529 289 581 Cnaeus
325 525 615 600 Pompeius
638 565 651 592 ,
687 525 761 577 ita
799 524 1061 592 vicerint,
1100 536 1161 577 ut
1199 524 1372 597 major
1411 524 1717 600 clariorque
1758 530 1812 581 in

96 622 449 679 restaurando
481 620 624 677 bello
654 635 992 697 resurgeret,
1026 622 1347 698 damnisque
1380 624 1490 678 suis
1519 625 1814 681 terribilior

94 722 425 777 redderetur.
462 722 716 796 Denique
749 720 816 775 ad
851 734 1187 796 postremum
1207 765 1220 792 ,
1255 743 1365 776 non
1394 724 1447 776 vi
1480 723 1689 794 hostili,
1722 727 1813 781 sed

94 821 399 876 voluntaria
434 834 639 889 morte,
676 822 730 874 in
770 821 916 875 avito
956 842 1157 897 regno,
1200 842 1393 891 senex,
1431 822 1628 877 herede
1670 822 1814 894 filio,

91 921 333 978 decessit.

170 1026 237 1077 ΙΙ.
286 1023 462 1098 Hujus
498 1022 737 1077 futuram
774 1023 1206 1099 magnitudinem
1250 1026 1411 1078 etiam
1450 1023 1685 1079 coelestia
1726 1045 1808 1079 os-

93 1136 242 1178 tenta
286 1123 666 1199 praedixerant.
717 1124 861 1177 Nam
905 1135 958 1176 et
1003 1144 1066 1177 eo
1113 1144 1223 1197 quo
1263 1124 1476 1199 genitus
1518 1137 1597 1178 est
1637 1146 1815 1190 ann0‚

92 1236 143 1277 ct
191 1243 219 1275 e
264 1244 372 1297 quo
422 1243 650 1298 regnare
699 1223 938 1298 primum
991 1224 1185 1299 coepit,
1234 1222 1388 1277 stella
1436 1237 1672 1278 cometes
1721 1245 1817 1300 per

90 1335 386 1397 utrumque
411 1335 627 1398 tempus
653 1325 999 1400 septuaginta
1027 1324 1217 1379 diebus
1244 1327 1318 1378 ita
1344 1322 1504 1394 luxit,
1532 1337 1594 1379 ut
1620 1324 1815 1380 coelum

90 1444 251 1477 omne
278 1423 508 1499 flagrare
540 1423 833 1477 videretur.
869 1425 1012 1479 Nam
1041 1436 1095 1478 et
1125 1425 1504 1500 magnitudine
1541 1426 1624 1480 sui
1653 1447 1818 1500 quar-

91 1536 202 1577 tam
236 1535 447 1599 partem
481 1523 599 1577 coeli
636 1536 1028 1598 occupaverat,
1067 1536 1121 1577 et
1152 1523 1364 1599 fulgore
1399 1525 1481 1579 sui
1515 1524 1641 1578 solis
1676 1527 1817 1579 nito-

90 1644 204 1676 rem
237 1623 468 1690 vicerat3
504 1634 557 1676 et
588 1643 758 1696 quum
794 1623 1031 1675 oriretur
1063 1623 1546 1697 occumberetque,
1581 1636 1818 1697 quatuor

90 1722 326 1798 spatium
372 1722 634 1776 horarum
683 1721 1056 1776 consumebat.
1106 1724 1250 1775 Puer
1302 1733 1550 1775 tutorum
1596 1722 1818 1777 insidias

88 1842 277 1898 passus
307 1834 410 1891 est,
446 1822 540 1897 qui
571 1842 695 1876 eum
726 1821 841 1876 fero
872 1842 1014 1897 equo
1045 1822 1363 1897 impositum
1395 1823 1640 1898 equitare
1665 1824 1820 1898 jacu-

89 1921 298 1997 larique
342 1923 611 1997 cogebant
657 1943 668 1976 :
713 1922 807 1997 qui
853 1934 1079 1975 conatus
1126 1942 1296 1996 quum
1344 1942 1434 1976 eos
1476 1920 1818 1993 fefellissent,

92 2042 257 2097 supra
299 2033 513 2076 aetatem
554 2033 776 2097 regente
810 2041 1011 2096 equum
1048 2021 1403 2092 Mithridate,
1442 2042 1655 2076 veneno
1693 2043 1817 2076 eum

91 2122 418 2196 appetivere.
455 2120 622 2193 Quod
653 2133 924 2190 metuenS,
959 2120 1205 2175 antidota
1237 2122 1429 2196 saepius
1462 2121 1630 2191 bibit,
1663 2135 1718 2176 et
1745 2123 1819 2177 ita

92 2242 145 2274 se
182 2220 439 2275 adversus
477 2221 698 2276 insidias
737 2221 1178 2297 exquisitioribus
1223 2220 1474 2275 remediis
1514 2223 1817 2297 stagnavit,

93 2333 154 2374 ut
180 2341 247 2374 ne
271 2319 459 2375 volens
486 2321 707 2396 quidem
732 2342 894 2376 senex
918 2342 1129 2375 veneno
1155 2321 1294 2375 mori
1318 2323 1573 2397 potuerit.
1598 2323 1818 2377 Timens

92 2421 322 2489 deinde,
353 2442 420 2475 ne
455 2423 696 2491 inimici,
732 2422 881 2496 quod
915 2442 1127 2476 veneno
1164 2442 1273 2476 non
1310 2433 1636 2496 potuerant,
1674 2422 1817 2477 ferro

93 2534 447 2597 peragerent,
493 2521 727 2575 venandi
774 2520 1017 2575 studium
1061 2521 1219 2575 finxit
1265 2542 1275 2575 :
1323 2542 1431 2596 quo
1471 2542 1567 2597 per
1610 2535 1815 2598 septem

94 2643 264 2676 annos
296 2642 472 2696 neque
507 2622 686 2691 urbis,
721 2642 897 2695 neque
930 2622 1072 2675 ruris
1105 2633 1247 2675 tecto
1282 2642 1411 2676 usus
1440 2634 1519 2676 est
1551 2643 1562 2676 :
1597 2621 1689 2677 sed
1721 2643 1819 2697 per

94 2720 266 2795 sylvas
287 2734 540 2797 vagatus,
560 2721 785 2776 diversis
808 2721 1080 2775 montium
1102 2721 1418 2797 regionibus
1434 2723 1816 2796 pernoctabat,

92 2821 294 2894 ignaris
326 2823 605 2890 omnibus,
635 2821 833 2896 quibus
862 2832 997 2874 esset
1020 2818 1179 2887 lociS,
1209 2832 1455 2874 assuetus
1482 2820 1619 2875 feras
1652 2842 1816 2876 cursu

93 2932 186 2972 aut
216 2920 424 2995 fugere,
461 2934 556 2975 aut
585 2922 863 2997 persequi,
896 2941 1022 2974 cum
1054 2919 1385 2995 quibusdam
1415 2922 1578 2975 etiam
1609 2922 1816 2976 viribus

93 3019 370 3094 congredi.
401 3023 618 3093 Quibus
647 3023 833 3091 rebus,
866 3034 918 3076 et
949 3021 1168 3076 insidias
1199 3023 1414 3090 vitavit,
1444 3035 1496 3076 et
1524 3043 1723 3097 corpus
1751 3022 1817 3075 ad

92 3140 311 3173 omnem
347 3122 664 3195 patientiam
699 3122 933 3176 duravit.

174 3223 269 3276 ΙΙΙ.
320 3220 405 3274 Ad
445 3223 598 3296 regni
637 3222 830 3277 deinde
865 3222 1393 3278 administrationem
1434 3245 1604 3297 quum
1639 3245 1816 3278 acces-2·
