2248 3697
623 232 1065 275 HISTORIARUM
1100 232 1211 274 LIB.
1248 231 1421 275 XXIII.
1856 224 1879 264 5

171 335 354 389 rabilis
391 337 673 409 utriusque
707 336 782 390 rei
811 356 965 388 casus
998 337 1050 388 in
1085 334 1388 408 exemplum
1423 335 1539 387 suit.
1574 334 1715 388 Nam
1745 331 1880 383 sicut

171 457 294 498 ante
328 444 564 498 secunda
593 445 813 499 fortuna
838 489 851 515 ,
880 446 1041 498 rebus
1076 463 1242 518 supra
1270 456 1396 495 vota
1432 442 1749 509 fluentibus,
1773 441 1882 493 lta-

170 553 252 607 liae
284 554 585 629 Siciliaeque
615 557 929 630 imperium,
952 567 1005 608 et
1035 565 1118 607 tot
1142 553 1206 606 de
1230 553 1491 606 Romanis
1523 552 1771 604 victorias
1790 548 1883 602 ad-

171 676 440 717 struxerat
486 685 497 717 :
550 667 624 717 ita
666 686 814 719 nunc
867 665 1116 734 adversa,
1154 662 1304 717 velut
1353 662 1408 714 in
1464 661 1882 713 ostentationem

170 772 474 848 fragilitatis
510 774 790 846 humanae,
831 775 1115 830 destruens
1150 795 1271 849 quae
1309 769 1711 837 cumulaverat,
1757 770 1887 822 Sici-

171 881 323 937 liensi
359 886 532 938 ruinae
577 885 926 961 naufragium
956 886 1145 955 maris,
1177 895 1230 937 et
1257 881 1452 936 foedam
1481 879 1739 933 adversus
1774 882 1882 932 Ro-

169 1013 356 1047 manos
390 1015 665 1070 pugnam,
699 1008 1026 1072 turpemque
1055 995 1121 1048 ab
1154 991 1311 1049 ltalia
1350 992 1642 1045 discessum
1676 987 1886 1061 adjecit.

250 1120 342 1173 IV.
392 1122 521 1173 Post
561 1120 954 1194 profectionem
997 1139 1027 1170 a
1075 1116 1255 1171 Sicilia
1290 1115 1510 1190 Pyrrhi,
1543 1112 1888 1188 magistratus

170 1229 336 1282 Hiero
374 1241 591 1282 creatur
627 1250 639 1282 :
669 1230 823 1304 cujus
866 1241 1017 1282 tanta
1063 1227 1364 1281 moderatio
1395 1224 1523 1292 fuit,
1561 1234 1622 1275 ut
1663 1239 1888 1274 consen-

169 1338 336 1391 tiente
368 1340 614 1393 omnium
649 1341 950 1394 civitatium
983 1339 1197 1407 favore,
1229 1337 1339 1391 dux
1372 1335 1630 1390 adversus
1661 1329 1891 1385 Cartha-

169 1450 436 1521 ginienses
461 1451 725 1525 primum,
758 1472 883 1504 mox
911 1471 1005 1504 rex
1027 1461 1318 1503 crearetur.
1345 1447 1523 1520 Hujus
1549 1443 1746 1498 futurae
1775 1460 1888 1494 ma-

164 1562 399 1634 jestatis,
452 1562 568 1636 ipsa
609 1562 829 1615 infantis
881 1561 1130 1614 educatio
1189 1559 1342 1632 quasi
1390 1557 1697 1631 praenuntia
1748 1553 1883 1605 fuit:

170 1671 374 1746 quippe
409 1673 624 1746 genitus
663 1683 776 1724 erat
811 1682 964 1745 patre
993 1667 1243 1723 Hierocle
1271 1711 1284 1737 ,
1332 1664 1501 1720 nobili
1547 1666 1694 1731 virO,
1733 1663 1888 1735 cujus

170 1782 323 1855 origo
349 1802 378 1834 a
412 1779 645 1851 G-elone,
685 1782 913 1854 antiquo
944 1778 1138 1834 Siciliae
1177 1791 1436 1853 tyrannO,
1468 1775 1722 1828 manabat
1758 1794 1768 1825 :
1797 1771 1888 1825 sed

170 1903 476 1945 maternum
522 1889 598 1944 illi
643 1911 813 1966 genus
852 1889 1165 1958 sordidum,
1195 1900 1359 1962 atque
1406 1885 1539 1939 adeo
1570 1882 1888 1959 pudendum

171 2003 290 2056 fuit.
324 2004 466 2059 Nam
496 2022 560 2056 ex
591 2000 787 2055 ancilla
822 2013 1012 2069 natus,
1043 2020 1103 2053 ac
1140 2010 1426 2074 propterea
1457 2017 1486 2049 a
1521 2007 1700 2070 patre,
1742 1990 1889 2045 velut

172 2113 714 2167 dehonestamentum
732 2112 966 2187 generiS,
992 2110 1269 2185 expositus
1290 2119 1420 2161 erat.
1449 2105 1553 2160 Sed
1578 2102 1887 2179 parvulum,

171 2237 225 2278 et
256 2225 505 2276 humanae
534 2224 651 2297 opis
681 2233 951 2297 egentem,
986 2239 1138 2293 apes,
1168 2228 1426 2292 congesto
1454 2217 1595 2269 circa
1621 2215 1886 2287 jacentem

173 2331 353 2402 melle,
385 2331 569 2385 multis
598 2333 787 2386 diebus
823 2330 1022 2385 aluere.
1056 2330 1144 2384 Oh
1175 2349 1337 2403 quam
1371 2347 1484 2380 rem
1510 2344 1768 2399 responso
1800 2323 1890 2376 ha-

171 2445 452 2519 ruspicum
487 2442 798 2496 admonitus
822 2454 1002 2516 pater,
1026 2441 1120 2515 qui
1150 2459 1380 2514 regnum
1416 2436 1608 2489 infanti
1637 2431 1889 2509 portendi

173 2553 465 2622 canebant,
491 2549 782 2627 parvulum
816 2549 1119 2624 recollegit,
1141 2549 1397 2621 omnique
1430 2545 1609 2600 studio
1640 2544 1707 2597 ad
1741 2563 1887 2618 spem

172 2664 467 2738 majestatis
515 2682 636 2736 quae
676 2660 1098 2736 promittebatur
1136 2658 1386 2712 instituit.
1426 2656 1615 2710 Eidem
1667 2656 1721 2707 in
1760 2652 1890 2707 ludo

173 2776 315 2828 inter
339 2771 635 2847 coaequales
668 2772 894 2825 discenti
930 2768 1093 2845 lupus
1127 2768 1368 2822 tabulam
1407 2768 1459 2820 in
1496 2766 1657 2819 turba
1693 2785 1891 2839 puero-

176 2906 298 2939 rum
343 2896 568 2960 repente
607 2894 956 2958 conspectus,
1000 2881 1216 2955 eripuit.
1252 2876 1593 2932 Adolescenti
1631 2894 1850 2948 quoque
1878 2916 1890 2940 ,

178 2999 352 3071 prima
390 2995 531 3050 bella
572 2995 810 3062 ineunti,
856 2990 1037 3065 aquila
1078 2992 1133 3043 in
1165 2988 1379 3063 clypeo,
1411 2999 1611 3041 noctua
1647 2987 1699 3037 in
1736 2984 1891 3037 hasta

178 3105 435 3160 consedit.
469 3103 636 3176 Quod
667 3115 968 3170 ostentum,
1005 3113 1056 3153 et
1092 3098 1318 3153 consilio
1348 3110 1593 3163 cautum,
1631 3107 1683 3148 et
1725 3113 1889 3146 manu

178 3228 525 3291 promptum,
549 3235 840 3290 regemque
860 3213 1103 3266 futurum
1134 3209 1486 3284 significabat.
1522 3207 1771 3278 Denique
1802 3204 1894 3258 adm
