2315 3868
497 349 582 397 142
1074 340 1259 384 NOTAE
1293 341 1359 383 IN
1395 341 1635 385 JUSTINI

556 446 659 488 CAP.
686 444 770 487 111.
800 443 1059 488 Hierichus.
1092 443 1276 487 Jericho
1291 478 1306 498 ,
1339 452 1389 487 ut
1420 444 1563 488 hahet
1598 444 1743 488 editio
1776 445 2080 491 Coloniensis.

563 521 898 581 opobalsamo.
917 522 1196 564 Balsamum
1219 520 1413 580 proprie
1438 521 1496 565 de
1520 521 1713 577 arbore,
1729 523 2084 581 opobalsamum
2107 539 2221 568 vero

489 597 638 660 (quasi
656 606 747 653 ὀπὸς
762 610 831 646 τοῦ
852 605 1062 661 βαλσάμου
1081 637 1091 656 ,
1108 597 1223 642 Sicut
1240 604 1452 653 ὀποπάναξ
1477 606 1544 642 est
1561 605 1652 653 ὀπὸς
1677 611 1744 647 τοῦ
1760 599 1955 661 πάνακος)
1981 599 2040 643 de
2063 615 2222 656 SUCCO,

488 675 852 733 oeylobalsamon
893 675 1097 733 denique
1133 675 1191 718 de
1219 674 1350 734 ligno
1392 675 1572 719 dicitur.
1609 677 1634 720 J
1641 675 1813 719 ustinus
1847 684 2005 719 tamen
2039 676 2222 721 inversa

489 751 613 806 vice,
652 760 814 795 contra
848 767 982 795 usum
1014 759 1284 807 auctorum,
1322 753 1682 813 opobalsamum
1710 768 1797 813 pro
1841 754 2009 798 arbore
2041 754 2221 812 posuit,

489 829 753 871 balsamum
777 843 864 886 pro
889 828 1091 886 lacryma
1116 842 1196 870 seu
1218 843 1353 871 succo
1379 828 1576 871 arboris.
1603 830 1878 873 SALMAsms.
1899 829 2095 889 Scripsit
2118 830 2221 873 bal-

487 905 602 948 sami
636 905 878 948 historiam
918 904 1112 959 Strabo,
1146 904 1227 947 lib.
1261 919 1368 958 xv1,
1399 905 1480 948 ubi
1514 904 1578 948 sic
1614 906 1791 949 habet:
1824 927 1842 946 «
1878 907 2123 950 Hierichus
2155 916 2223 950 est

486 997 674 1039 campus
699 997 723 1023 a
752 989 978 1023 montana
1013 980 1214 1038 quadam
1244 980 1397 1023 forma
1443 980 1784 1036 circumdatus,
1818 999 1917 1042 quae
1961 983 2011 1026 in
2052 984 2223 1027 theatri

485 1057 687 1115 speciem
722 1056 782 1100 ad
826 1056 978 1115 ipsum
1026 1056 1242 1100 declinat.
1280 1057 1383 1100 Hoc
1414 1056 1464 1100 in
1498 1058 1602 1100 loco
1635 1066 1701 1100 est
1738 1059 2021 1114 Palmetum,
2054 1060 2221 1118 palmis

485 1134 756 1188 abundans,
781 1133 932 1192 spatio
962 1132 1219 1176 stadiorum
1248 1142 1458 1189 centum,
1484 1142 1528 1177 et
1556 1142 1706 1178 totum
1734 1135 1961 1194 irriguum
1979 1168 1990 1189 ,
2017 1144 2061 1178 et
2090 1136 2223 1179 hahi—

485 1209 740 1253 tationibus
773 1210 985 1268 plenum,
1019 1210 1102 1252 ubi
1136 1219 1179 1253 et
1221 1210 1348 1269 regia
1384 1219 1451 1254 est
1476 1219 1521 1254 et
1556 1211 1751 1255 balsami
1781 1211 2070 1255 viridarium.
2109 1214 2222 1267 Quae

485 1287 626 1330 arbor
655 1286 852 1330 odorata
885 1295 978 1341 est,
1003 1295 1046 1330 et
1074 1282 1296 1331 fruticosa
1313 1321 1324 1343 ,
1351 1297 1395 1331 et
1423 1287 1594 1347 cytiso,
1629 1298 1674 1333 et
1701 1289 1970 1334 terebintho
1998 1289 2220 1348 persimi—

483 1364 552 1407 lis.
589 1363 699 1420 Ejus
734 1363 957 1407 corticem
987 1364 1307 1419 vulnerantes,
1340 1380 1526 1409 succum
1561 1365 1610 1408 in
1644 1366 1764 1409 vasis
1788 1366 2044 1425 suscipiunt
2071 1366 2223 1409 tenaci

483 1439 591 1483 lacti
615 1439 915 1498 persimilem.
952 1459 971 1478 »
999 1440 1093 1483 Sed
1125 1439 1240 1484 alibi
1271 1440 1433 1496 etiam,
1458 1457 1597 1499 quam
1630 1441 1678 1484 in
1711 1441 1873 1485 Judaea
1904 1441 2033 1485 nasci
2059 1442 2220 1485 balsa-

482 1531 609 1559 mum
638 1516 805 1559 eodem
832 1515 957 1558 libro
988 1515 1115 1559 idem
1147 1524 1362 1571 testatur,
1393 1525 1561 1574 praeter
1589 1517 1732 1560 Plinii
1764 1526 1809 1560 et
1839 1518 1992 1560 Solini
2030 1526 2219 1562 senten-

482 1592 616 1646 tiam,
642 1607 784 1650 quum
815 1591 967 1650 inquit
998 1608 1007 1634 :
1043 1593 1148 1634 «Et
1173 1593 1311 1650 apud
1339 1592 1534 1635 Saboeos
1551 1592 1690 1646 thus,
1724 1602 1772 1635 et
1793 1593 2018 1650 myrrha,
2052 1603 2095 1636 ez
2125 1594 2221 1636 cin—

481 1685 753 1712 namomum
791 1670 1023 1722 nascitur,·
1059 1669 1104 1712 in
1136 1685 1219 1712 ora
1267 1669 1408 1712 etiam
1453 1669 1749 1723 balsamum,
1793 1679 1837 1712 et
1868 1670 2090 1728 quaedam
2121 1671 2221 1712 alia

479 1748 647 1806 planta
689 1747 834 1789 valde
879 1747 1089 1789 odorata.
1120 1765 1139 1784 »
1183 1744 1310 1789 Oriri
1340 1745 1479 1789 etiam
1508 1745 1769 1790 balsamum
1802 1744 1852 1789 in
1884 1745 2055 1789 Arabia
2093 1745 2221 1789 testis

482 1832 549 1866 est
574 1822 820 1867 Pausanias
836 1857 847 1878 ,
874 1823 924 1866 in
942 1824 1162 1866 Boeoticis
1178 1855 1193 1876 ,
1222 1822 1547 1880 magnitudine
1571 1822 1747 1866 fruticis
1776 1822 1916 1882 myrti
1940 1822 2064 1866 foliis
2093 1838 2220 1866 ama-

480 1899 597 1954 raci,
626 1900 711 1943 sub
739 1900 866 1957 cujus
899 1900 1065 1944 umbra
1090 1899 1345 1943 innumerae
1374 1899 1643 1957 apricantur
1668 1899 1861 1957 viperae,
1879 1908 1924 1943 et
1947 1899 2220 1959 suavissimo

483 1976 577 2034 ejus
615 1976 797 2036 liquore
841 1978 1042 2020 aluntur.
1075 1975 1229 2020 Etiam
1255 1976 1304 2018 in
1332 1977 1537 2035 AEgypto
1564 1975 1839 2035 provenisse
1872 1983 2099 2019 testantur
2133 1991 2220 2018 ve-

482 2062 630 2096 terum
662 2062 978 2096 monumenta.
1013 2052 1264 2112 Origenes,
1296 2068 1406 2095 vn:
1441 2052 1668 2095 Balsami
1687 2052 1828 2094 arbor
1861 2052 1909 2095 in
1941 2053 2111 2094 Judoea
2143 2052 2219 2094 in—

481 2140 552 2172 tra
591 2130 806 2172 terminos
855 2139 1037 2172 tantum
1080 2130 1252 2190 vig-inti
1276 2128 1496 2189 jugerum
1536 2139 1637 2171 erat
1669 2145 1684 2170 .·
1712 2138 1963 2187 postquam
2006 2128 2219 2170 eamdem

481 2208 712 2266 regionem
740 2208 945 2249 Romani
959 2207 1102 2266 potiti
1129 2215 1258 2259 sunt,
1291 2206 1430 2249 etiam
1462 2205 1702 2248 latissimis
1727 2205 1921 2247 collibus
1941 2212 2217 2263 propagata

481 2295 571 2336 est,
601 2285 746 2343 stirpe
768 2285 931 2327 similis
954 2284 1066 2338 viti,
1087 2283 1230 2340 foliis
1258 2283 1428 2326 similis
1454 2292 1569 2325 rutoe
1585 2315 1599 2335 ‚
1635 2284 1722 2325 sed
1743 2282 2040 2324 albidioribus
2057 2315 2071 2334 ,
2098 2296 2218 2323 sem-

479 2376 653 2419 perque
677 2360 976 2404 manentibus.

545 2437 701 2480 Piceis
733 2437 986 2480 arboribus.
1023 2435 1182 2479 Editio
1218 2437 1354 2479 Rom.
1383 2435 1609 2494 puniceis.
1639 2435 1832 2478 Veteres
1865 2433 2075 2492 plerique
2107 2432 2216 2476 libri

479 2515 657 2572 specie,
696 2514 992 2574 transpositis
1028 2513 1207 2557 litteris.
1246 2515 1313 2556 Ex
1351 2513 1440 2556 isto
1488 2512 1635 2556 veteri
1675 2513 1831 2572 specie
1873 2511 2122 2554 Salmasius
2158 2511 2216 2553 ad

480 2591 655 2646 Solin.,
688 2590 808 2652 579,
842 2591 960 2635 eruit
989 2591 1109 2634 hanc
1145 2590 1412 2633 indubitato
1446 2590 1688 2634 meliorem
1723 2589 2027 2647 scripturam:
2059 2588 2217 2647 piceoe

480 2668 730 2712 arboribus.
767 2670 841 2713 Sic
878 2669 1003 2713 enini
1037 2677 1197 2712 auctor
1221 2668 1320 2727 ipse
1346 2668 1492 2711 modo
1526 2667 1709 2711 dixerat
1739 2666 2040 2726 opobalsami
2064 2664 2214 2707 arbor.

548 2749 702 2789 Lacus
736 2757 804 2790 est
833 2746 1138 2805 Asphaltites.
1175 2747 1285 2789 Mss.
1332 2745 1521 2804 quidam
1560 2745 1737 2787 habent
1777 2760 1785 2785 :
1826 2743 1932 2785 Non
1974 2744 2111 2800 longe
2148 2751 2216 2784 est

484 2826 610 2867 lacus
639 2823 966 2884 Asphaltites5
993 2822 1138 2866 editio
1169 2822 1404 2881 Thysiana
1422 2839 1438 2873 ‚t
1474 2824 1530 2864 In
1563 2837 1619 2864 ea
1648 2820 1832 2879 regione
1864 2820 1992 2859 lacus
2016 2826 2084 2860 est
2108 2818 2212 2876 qui;

481 2901 626 2945 editio
650 2902 707 2944 D.
736 2900 975 2954 Lemaire,
1011 2915 1150 2958 quam
1183 2899 1420 2957 sequimur
1445 2907 1488 2941 et
1512 2898 1765 2957 probamus
1798 2910 1807 2936 :
1843 2896 1899 2936 In
1934 2908 1989 2935 ea
2029 2894 2218 2952 regione

482 2982 609 3020 lacus
638 2987 709 3021 est
744 2978 1068 3036 Asphaltites,
1103 2977 1196 3035 qui.
1238 2976 1325 3019 Hic
1361 2976 1432 3018 vir
1471 2973 1762 3017 doctissimus
1797 2979 1976 3014 tantum
2014 2970 2215 3025 fallitur,

481 3070 623 3111 quum
648 3054 807 3098 asserit
839 3054 931 3097 dici
957 3053 1096 3096 etiam
1122 3053 1244 3096 hunc
1272 3053 1421 3094 lacum
1453 3047 1759 3100 Genesaretlz,
1795 3047 1890 3090 sive
1917 3063 2046 3090 mare
2072 3047 2221 3089 Tibe—¹

482 3132 669 3184 riados,
699 3131 747 3173 in
771 3130 895 3174 Novi
919 3130 1206 3173 Testamenti
1237 3129 1381 3172 libris.
1409 3130 1553 3171 Lacus
1578 3125 1859 3183 Asphaltites
1894 3139 2055 3167 revera
2085 3123 2210 3166 idem

483 3217 548 3250 est
577 3224 627 3250 ac
659 3222 782 3251 mare
807 3209 1072 3261 Mortuum,
1089 3215 1138 3248 ut
1165 3206 1228 3250 ait
1251 3205 1479 3256 Justinus,
1513 3202 1593 3245 sed
1618 3203 1757 3260 longe
1785 3201 1901 3244 alius
1919 3209 1984 3243 est
2010 3216 2060 3244 ac
2088 3201 2211 3243 lacus

482 3284 768 3327 Genesareth
793 3283 866 3326 vel
890 3298 1016 3325 mare
1042 3282 1334 3325 Tiberiados.
1370 3281 1482 3322 Vide
1510 3281 1681 3337 Geogr.
1713 3286 1917 3321 veterem
1944 3276 2211 3329 D'Anville‚

484 3375 548 3414 11,
586 3359 686 3403 153.
716 3361 860 3402 Lacus
889 3358 1174 3403 Genesaretlz
1201 3374 1225 3399 a
1250 3357 1442 3415 regione
1471 3357 1711 3399 Gennesar
1749 3355 1873 3397 dicta
1916 3368 2090 3395 nomen
2133 3367 2211 3395 ac-
