2315 3868
789 364 980 410 TROGI
1006 365 1271 407 POMPEH.
1805 373 1820 400 1
1834 358 1859 400 8
1872 374 1887 401 1

173 468 482 526 Longeruaeus
516 469 655 528 igitur
688 470 806 511 male
838 467 1041 511 correxit
1078 468 1391 518 Saracancoe,
1429 481 1454 508 a
1492 467 1694 518 Saraca,
1732 465 1894 507 Ptole·

172 559 288 586 maeo
318 553 525 598 auctore,
551 544 786 588 Sarmatiae
811 543 1021 586 Asiaticae
1051 543 1165 585 urbe
1185 558 1194 584 :
1213 557 1299 600 pro
1324 542 1495 584 Asiam·
1519 542 1766 600 legendum
1793 541 1894 583 for—-

174 627 291 661 tasse
324 621 501 663 Ariani
529 619 744 677 conjicit3
769 633 856 677 ego
886 627 1036 662 autem
1069 616 1321 662 certissime
1347 622 1549 674 recipio,
1573 633 1678 660 cum
1702 616 1894 672 Modio,

172 694 291 739 hanc
318 695 566 739 lectionem
583 729 595 750 ,
620 711 718 754 quae
745 695 858 738 mihi
893 696 1046 754 primo
1077 694 1247 737 intuitu
1269 693 1318 735 in
1354 701 1557 735 mentem
1581 701 1784 736 venerat.

573 839 646 874 IN
694 838 1057 874 PROLOGUM
1104 837 1284 872 LIBRI
1330 835 1494 870 XLII.

245 948 302 989 Ut
327 947 585 1006 praefectus
617 949 807 992 Parthis
839 953 1090 1008 Aprceteus
1121 947 1327 990 Mesenis
1351 947 1519 989 bellum
1551 946 1718 989 intulit,
1751 948 1896 991 Vale-

173 1025 289 1077 sius,
316 1024 366 1066 in
400 1025 541 1068 Diod.
572 1034 802 1083 excerpt.‚
834 1040 878 1083 p.
918 1024 976 1068 58
996 1058 1008 1079 ‚
1041 1033 1084 1067 et
1116 1026 1452 1082 Longeruaeus,
1481 1037 1538 1065 ex
1572 1022 1763 1065 nomine
1793 1039 1897 1066 cor-

172 1109 312 1158 rupto
336 1103 582 1157 Aproeteus
613 1102 827 1154 eliciunt,
863 1117 894 1142 a
919 1101 1129 1144 Phraate
1165 1101 1406 1152 Himeras,
1437 1098 1500 1142 sic
1526 1115 1536 1141 τ
1572 1108 1623 1141 ut
1643 1098 1897 1157 praefectus

174 1176 360 1219 Parthis
385 1193 416 1219 a
444 1177 652 1220 Phraate
674 1179 888 1220 Himeras
919 1178 1140 1220 ffiIesem'is
1172 1177 1339 1218 bellum
1373 1176 1523 1218 intulit
1551 1191 1565 1216 .·
1600 1175 1791 1218 Mesene
1815 1191 1898 1217 au-

173 1260 265 1295 tem
289 1252 419 1311 regio
445 1262 511 1296 est
543 1253 665 1310 apud
701 1254 1008 1310 Stephanum,
1041 1267 1098 1294 ex
1130 1251 1301 1293 Asiano
1333 1250 1601 1304 Quadrato,
1631 1251 1753 1294 intra
1782 1251 1896 1293 duos

173 1329 376 1386 Tigridis
405 1331 561 1372 alveos
579 1362 591 1381 ,
628 1328 754 1384 cujus
789 1327 1001 1370 meminit
1019 1335 1063 1370 et
1093 1325 1292 1377 Plinius,
1327 1325 1451 1368 libro
1479 1342 1550 1379 VI,
1580 1341 1617 1368 c.
1647 1340 1730 1380 27,
1762 1335 1805 1368 et
1831 1327 1895 1369 cl.

171 1404 417 1446 D'Anville
463 1405 688 1446 Mesenen
737 1405 886 1463 Tigris
933 1418 959 1447 a
1005 1401 1196 1446 Jssesetze
1230 1400 1493 1460 Euphratis
1531 1401 1794 1460 distinguit,
1831 1418 1899 1455 11,

175 1493 290 1533 201,
324 1479 411 1523 261
453 1488 497 1522 et
531 1478 640 1523 265.

239 1556 451 1599 Phraatz'.
496 1557 589 1597 Pro
637 1555 841 1598 Phraatc'
882 1555 1131 1613 legendum
1178 1554 1370 1597 fortasse
1418 1553 1657 1597 Phrahati
1700 1552 1899 1614 (rectius

174 1631 430 1691 Phradati)
463 1631 663 1688 conjecit
696 1631 976 1689 Bongarsius
1000 1665 1012 1685 ,
1044 1639 1089 1674 et
1125 1630 1221 1687 ejus
1256 1630 1530 1687 conjecturae
1560 1630 1800 1674 assentior.

241 1710 390 1767 Reges
423 1706 733 1750 Tocharorum
758 1708 939 1750 Asiani.
975 1708 1047 1750 Ita
1077 1714 1200 1749 recte
1236 1706 1439 1749 correxit
1469 1707 1780 1764 Longeruaeus
1811 1721 1898 1764 pro

184 1786 224 1826 T
222 1785 529 1827 hoclarorum.
566 1785 608 1825 A
664 1783 890 1825 Toclzaris
925 1783 1071 1836 enim,
1117 1782 1368 1824 Bactrianae
1410 1782 1622 1839 populis,
1656 1782 1777 1825 dicta
1816 1782 1900 1825 fuit

172 1860 303 1919 regio
351 1875 449 1918 quae
489 1875 612 1902 nunc
662 1867 858 1902 vocatur
901 1858 1225 1901 Tocharistan.
1261 1857 1379 1899 Vide
1411 1858 1718 1912 D'ANVILLE,
1757 1858 1896 1917 Geog.

173 1946 292 1989 vet„
330 1944 360 1979 t.
397 1951 465 1990 11,
501 1952 545 1994 p.
583 1935 688 1979 300.

239 2013 419 2055 Asiani.
449 2012 657 2055 Omnino
690 2012 940 2069 legendum
964 2012 1160 2063 Ariani,
1198 2019 1247 2053 ut
1275 2025 1433 2068 supra,
1465 2011 1584 2068 prol.
1623 2010 1702 2052 lib.
1742 2025 1839 2053 xm.

244 2089 571 2132 Sarducarum.
606 2089 920 2145 Longeruaeus
953 2088 1051 2129 vult
1082 2086 1454 2129 Saracancarum
1471 2119 1484 2139 ,
1518 2094 1567 2128 ut
1598 2100 1756 2143 supra,
1788 2100 1867 2128 xm
1885 2119 1897 2139 ‚

175 2165 482 2217 Summum,
517 2164 600 2208 sed
631 2180 794 2222 parum
828 2163 1035 2206 feliciter.
1069 2162 1349 2220 Bongarsius
1378 2161 1566 2217 conjicit
1605 2160 1898 2204 Carduccho—

172 2257 272 2283 rum
300 2241 467 2283 rectius
493 2258 501 2282 τ
539 2240 772 2284 Carduchi
800 2239 924 2283 enim
948 2240 1023 2282 vel
1052 2239 1277 2296 Gordyoei
1289 2271 1301 2290 ‚
1329 2253 1385 2280 ex
1417 2239 1483 2280 Cl.
1514 2237 1787 2290 D’Anville,
1804 2238 1897 2279 As-

175 2317 305 2375 syriae
335 2316 503 2374 populi
545 2325 699 2367 erant,
736 2332 761 2359 a
793 2315 958 2373 quibus
993 2315 1149 2357 Kurdi
1180 2323 1224 2357 et
1262 2316 1312 2356 K
1316 2315 1557 2356 urdz'stana
1591 2312 1719 2371 regio
1755 2312 1897 2355 hodie

175 2392 366 2436 nomina
403 2407 482 2435 sua
512 2400 803 2446 mutuantur3
843 2400 905 2446 et,
943 2399 1128 2434 auctore
1167 2391 1435 2449 Stephano,
1475 2390 1734 2445 Gordyoea,
1767 2388 1897 2446 regio

174 2468 368 2526 persica.
403 2467 673 2526 Legendum
707 2467 847 2526 igitur
884 2467 1190 2510 Carducorum
1223 2481 1308 2523 pro
1345 2465 1671 2507 Sarducarum.

1135 2580 1379 2622 ELIGIUS
1416 2580 1441 2622 J
1445 2579 1797 2622 OHANNEAU.
