2315 3868
476 303 499 344 7
509 294 535 338 8
1230 280 1255 320 J
1260 279 1467 323 USTINI

473 383 574 435 bus
599 380 928 451 furantium,
956 393 1008 435 et
1032 381 1344 438 Mithridati
1370 384 1800 460 Cappadociam,
1819 397 1873 439 et
1891 388 2202 461 Nicomedi,

474 479 537 533 ad
579 477 833 534 solatium
870 480 1012 556 ejus,
1050 481 1485 558 Paphlagoniam
1530 483 1747 538 ademit.
1784 487 1865 540 Ac
1900 507 1969 540 ne
2008 501 2199 543 contu-

473 577 632 633 melia
672 600 866 658 regum
908 582 1048 637 foret
1086 582 1401 658 ademptum
1437 583 1574 654 illis,
1609 584 1757 660 quod
1799 585 2021 642 daretur
2050 588 2201 647 aliis,

472 691 703 755 uterque
734 680 974 758 populus
1010 681 1262 737 libertate
1300 683 1535 739 donatus
1571 697 1665 740 est.
1715 685 1820 741 Sed
1853 688 2202 763 Cappadoces

472 799 673 835 munus
710 780 975 836 libertatis
1015 781 1344 853 abnuenteS,
1373 797 1576 859 negant
1610 785 1792 840 vivere
1832 799 2048 862 gentem
2088 789 2202 844 sine

471 900 598 955 rege
644 901 818 955 posse.
874 884 1052 956 Atque
1105 883 1179 935 ita
1218 902 1311 935 rex
1352 881 1455 937 illis
1500 904 1530 937 a
1570 897 1761 939 senatu
1809 888 2201 942 Ariobarzanes

471 981 841 1034 constituitur.

552 1081 648 1134 ΙΙΙ.
695 1082 828 1133 Erat
869 1099 932 1134 eo
970 1091 1213 1156 tempore
1251 1082 1543 1156 Tigranes,
1580 1102 1676 1136 rex
1707 1084 2012 1153 Armeniae,
2042 1085 2198 1140 obses

472 1178 690 1233 Parthis
727 1192 851 1233 ante
887 1178 1125 1234 multum
1167 1181 1432 1255 temporis
1473 1180 1662 1248 datus,
1695 1180 1787 1235 sed
1825 1180 1955 1236 olim
2000 1184 2067 1238 ab
2112 1185 2201 1239 iis-

471 1277 594 1333 dem
630 1279 686 1332 in
727 1299 960 1355 regnum
997 1292 1287 1354 paternum
1323 1281 1599 1334 remissus.
1644 1283 1807 1335 Hunc
1850 1282 2201 1338 Mithridates

470 1380 606 1433 inire
644 1379 712 1433 ad
751 1381 1068 1434 societatem
1100 1380 1314 1434 romani
1353 1378 1507 1448 belli,
1542 1379 1691 1455 quod
1733 1380 1865 1435 olim
1899 1382 2201 1438 meditaba-

473 1491 586 1547 tur,
619 1477 874 1553 pellicere
906 1479 1178 1553 cupiebat.
1209 1477 1362 1532 Nihil
1397 1479 1566 1553 igitur
1595 1478 1661 1532 de
1688 1479 1897 1533 offensa
1921 1484 2200 1535 Romano-

470 1598 595 1631 rum
626 1578 976 1646 sentientem,
1008 1597 1105 1652 per
1135 1576 1411 1632 Gordium
1439 1575 1698 1652 impellit,
1727 1589 1788 1631 ut
1813 1577 2199 1649 Ariobarzani,
2263 1652 2267 1655 ι

471 1678 623 1753 segni
647 1676 972 1746 admodum,
993 1675 1198 1731 bellum
1219 1676 1445 1731 inferat:
1470 1690 1546 1746 et,
1572 1697 1639 1730 ne
1665 1678 1785 1752 quis
1806 1672 1963 1731 dolus
1981 1678 2198 1732 subesse

470 1777 781 1846 videretur,
819 1776 989 1832 filiam
1025 1797 1177 1831 suam
1215 1777 1263 1831 ei
1299 1775 1651 1852 Cleopatram
1689 1777 1742 1830 in
1784 1778 2197 1832 matrimonium

469 1876 652 1931 tradit.
708 1878 893 1931 Primo
950 1877 1118 1953 igitur
1170 1875 1409 1930 adventu
1463 1876 1716 1952 Tigranis
1768 1877 2196 1941 AriobarzaneS,

470 1975 694 2031 sublatis
738 1976 899 2030 rebus
943 1976 1081 2044 suiS,
1128 1978 1360 2030 Romam
1408 1975 1695 2030 contendit
1731 1997 1741 2029 :
1782 1988 1946 2050 atque
1988 1977 2061 2031 ita
2100 1998 2198 2053 per

469 2077 760 2153 Tigranem
794 2097 981 2130 rursus
1017 2075 1367 2151 Cappadocia
1397 2076 1537 2150 juris
1575 2096 1687 2130 csse
1718 2075 2056 2131 Mithridatis
2089 2098 2197 2132 coe-

469 2178 565 2252 pit.
597 2176 804 2232 Eodem
835 2189 1082 2251 tempore
1112 2189 1333 2230 mortuo
1364 2174 1689 2244 Nicomede,
1720 2176 1884 2230 etiam
1909 2173 2050 2229 filius
2081 2176 2197 2252 ejus

468 2289 521 2330 et
572 2278 686 2352 ipse
735 2276 1061 2332 Nicomedes
1115 2296 1282 2352 regno
1334 2295 1365 2329 a
1415 2274 1740 2329 Mithridate
1788 2272 2048 2349 pellitur3
2101 2277 2195 2350 qui

469 2396 640 2450 quum
684 2375 911 2451 supplex
946 2379 1182 2430 Romam
1222 2376 1487 2443 venisset,
1522 2374 1835 2428 decernitur
1874 2375 1928 2428 in
1973 2387 2193 2440 senam,

468 2487 527 2529 ut
565 2486 795 2550 uterque
828 2476 884 2528 in
914 2496 1146 2550 regnum
1177 2475 1538 2529 restituantur
1567 2495 1578 2527 z
1619 2474 1674 2526 in
1708 2473 1855 2548 quod
1889 2486 2006 2527 tum
2042 2475 2191 2527 missi

468 2573 716 2649 Aquilius
741 2586 795 2628 et
815 2573 1054 2628 Manlius
1074 2571 1339 2628 Maltinus
1362 2572 1542 2649 legati.
1568 2574 1666 2627 His
1690 2572 1943 2649 cognitiS,
1969 2574 2190 2627 Mithri-

471 2672 623 2727 dates
649 2673 962 2727 societatem
995 2693 1116 2727 cum
1154 2674 1415 2748 Tigrane,
1452 2670 1657 2727 bellum
1693 2672 1951 2726 adversus
1987 2675 2190 2727 Roma-

470 2793 569 2827 nos
604 2784 881 2848 gesturUS,
913 2774 1095 2848 jungit
1131 2794 1140 2826 :
1171 2773 1425 2847 pactique
1463 2773 1602 2826 inter
1640 2792 1694 2826 se
1732 2784 1887 2841 sunt,
1928 2784 1987 2825 ut
2026 2773 2188 2826 urbes

468 2873 693 2949 agrique
724 2872 1064 2942 Mithridati,
1096 2873 1345 2927 homines
1375 2893 1504 2927 vero
1534 2884 1588 2926 et
1617 2891 1954 2945 quaecunque
1987 2870 2188 2925 auferri

469 2985 714 3047 possent,
746 2973 971 3048 Tigrani
1003 2972 1276 3026 cederent.
1308 2976 1439 3027 Post
1471 2972 1586 3025 haec
1615 2970 1987 3040 Mithridates,
2024 2968 2186 3023 intel-

470 3069 640 3146 ligens
676 3082 939 3145 quantum
970 3070 1175 3126 bellum
1207 3073 1515 3138 suscitaret,
1552 3068 1758 3145 legatos
1796 3070 1864 3123 ad
1902 3070 2186 3140 CimbrOS,

471 3169 603 3224 alios
634 3169 697 3223 ad
729 3168 1148 3225 Gallo-Graecos
1177 3183 1230 3226 et
1255 3173 1553 3238 Sarmatas,
1584 3172 2006 3243 Bastarnasque,
2035 3170 2187 3223 auxi-

472 3266 602 3321 lium
635 3269 867 3344 petitum
902 3270 1086 3323 mittit.
1122 3271 1265 3325 Nam
1295 3289 1481 3322 omnes
1519 3269 1616 3322 has
1654 3281 1862 3343 genteS,
1896 3288 2183 3321 romanum
