2248 3697
398 302 412 329 1
428 303 451 331 α
1143 289 1168 330 J
1173 289 1382 332 USTINI

394 405 654 460 ventute,
696 404 750 445 et
790 391 978 447 Gallos
1016 395 1241 451 victoria
1281 394 1613 451 exsultantes
1655 399 2022 472 compescuit,
2064 409 2117 453 et

392 491 772 545 Macedoniam
818 492 884 545 ab
933 491 1116 547 hostili
1161 493 1517 568 populatione
1564 495 1823 551 defendit.
1870 496 1958 551 Ob
2001 518 2119 571 quae

394 590 609 643 virtutis
645 590 938 662 beneficia,
975 591 1162 646 multis
1199 591 1474 647 nobilibus
1512 614 1744 669 regnum
1783 594 2122 652 Macedoniae

392 688 806 759 affectantibus,
847 689 1103 766 ignobilis
1144 692 1257 766 ipse
1293 695 1632 767 praeponitur
1672 715 1682 747 :
1722 707 1774 748 et
1816 715 1986 769 quum
2027 716 2121 750 rex

392 788 460 841 ab
486 790 727 842 exercitu
757 787 1065 864 appellatus
1093 802 1257 860 esset,
1285 791 1399 866 ipse
1428 812 1540 845 non
1568 793 1621 846 in
1652 795 1819 868 regis,
1849 793 1942 849 sed
1969 794 2122 848 ducis

380 830 387 854 a-

389 907 589 941 nomen
610 888 797 961 jurare
822 885 1019 941 milites
1045 888 1325 963 compulit.

467 988 561 1041 VI.
608 990 823 1040 Interea
865 989 1146 1057 BrennUS,
1192 1008 1302 1061 quo
1341 988 1479 1042 duce
1515 992 1697 1065 portio
1739 992 2028 1047 Gallorum
2066 996 2121 1048 in

387 1087 658 1142 Graeciam
687 1106 742 1139 se
773 1085 1067 1153 effuderat,
1099 1085 1284 1140 audita
1310 1089 1543 1142 victoria
1569 1110 1821 1160 suorum,
1854 1092 1975 1165 qui,
2002 1091 2125 1146 Bel-

386 1188 475 1262 gio
511 1186 674 1255 duce,
706 1184 1038 1240 Macedones
1070 1186 1343 1253 vicerant,
1379 1187 1726 1264 indignatus,
1762 1203 1921 1265 parta
1952 1191 2122 1244 victo-

385 1287 492 1354 ria,
528 1287 767 1362 opimam
802 1285 1069 1361 praedam,
1106 1299 1158 1339 et
1192 1287 1437 1341 Orientis
1473 1287 1660 1364 spoliis
1693 1302 1978 1360 onustam,
2012 1303 2121 1344 tam

385 1385 540 1441 facile
574 1385 819 1440 relictam
855 1405 996 1455 esse,
1031 1387 1147 1460 ipse
1185 1386 1438 1442 adunatis
1471 1407 1537 1443 CL
1570 1387 1810 1443 millibus
1843 1389 2121 1463 peditum,

385 1498 439 1539 et
461 1506 536 1539 xv
558 1484 801 1538 millibus
827 1486 1102 1559 equitum,
1129 1485 1185 1538 in
1214 1485 1600 1540 Macedoniam
1630 1488 1904 1562 irrumpit.
1932 1487 2122 1557 Quum

384 1603 544 1659 agros
582 1581 848 1657 villasque
886 1582 1270 1658 popularetur,
1319 1586 1562 1639 occurrit
1602 1585 1649 1639 ei
1689 1606 1814 1639 cum
1854 1586 2122 1639 instructo

388 1684 629 1738 exercitu
664 1682 1033 1737 Macedonum
1073 1683 1369 1737 Sosthenes
1406 1705 1417 1736 :
1457 1684 1550 1738 sed
1584 1686 1745 1759 pauci
1780 1704 1808 1736 a
1842 1683 2121 1758 pluribUS,

386 1782 585 1857 trepidi
617 1803 647 1836 a
678 1781 989 1836 valentibus
1023 1781 1178 1836 facile
1209 1784 1526 1837 vincuntur.
1559 1785 1750 1858 Itaque
1783 1803 1954 1857 quum
1990 1783 2118 1836 victi

385 1904 441 1938 se
477 1883 807 1936 Macedones
846 1883 991 1935 intra
1026 1902 1211 1936 muros
1250 1882 1473 1935 urbium
1510 1881 1908 1948 condidissent,
1944 1883 2118 1934 victor

383 1985 667 2051 BrennUS,
705 1982 923 2035 nemine
958 1962 1315 2055 prohibente,
1361 1981 1529 2034 totius
1578 1980 1915 2034 Macedoniae
1959 2000 2117 2050 agros

386 2082 744 2158 depraedatur.
792 2081 963 2149 Inde,
1001 2082 1157 2154 quasi
1200 2091 1415 2134 terrena
1449 2080 1561 2153 jam
1601 2077 1772 2154 spolia
1811 2077 2120 2146 sorderent,

383 2183 629 2236 animum
654 2181 723 2235 ad
744 2181 973 2235 deorum
1000 2179 1393 2235 immortalium
1421 2177 1624 2253 templa
1652 2177 1949 2244 convertit,
1975 2198 2121 2230 scur—

383 2281 558 2336 riliter
583 2283 830 2357 jocatus,
866 2279 1207 2356 «locupletes
1239 2279 1364 2333 deos
1394 2277 1580 2353 largiri
1608 2275 1926 2330 hominibus
1961 2298 2121 2352 opor-

385 2395 560 2438 tere.»
607 2383 803 2437 Statim
844 2383 1012 2457 igitur
1054 2379 1298 2455 Delphos
1347 2380 1450 2432 iter
1488 2379 1676 2444 vertit,
1715 2377 1955 2452 praedam
1995 2376 2121 2430 reli-

385 2484 568 2559 gioni,
606 2504 804 2537 aurum
839 2482 1058 2536 offensae
1096 2479 1324 2534 deorum
1364 2476 1759 2532 immortalium
1797 2475 2119 2551 praeferen83

384 2604 564 2658 «quos
603 2581 767 2636 nullis
812 2581 1005 2656 opibus
1044 2599 1234 2656 egere,
1281 2590 1340 2631 ut
1384 2577 1477 2651 qui
1521 2597 1608 2629 cas
1653 2574 1838 2650 largiri
1887 2576 2121 2629 homini-

383 2684 484 2737 bus
539 2681 781 2748 soleant,
807 2704 832 2730 n
886 2678 1207 2733 affirmabat.
1261 2675 1551 2750 Templum
1606 2686 1788 2728 autem
1845 2672 2120 2748 Apollinis

383 2782 613 2858 Delphis
647 2782 888 2857 positum
926 2790 1006 2832 est
1044 2779 1099 2830 in
1133 2788 1319 2829 monte
1355 2778 1657 2840 Parnasso,
1694 2773 1747 2824 in
1786 2793 1923 2847 rupe
1955 2773 2118 2826 undi-

384 2905 491 2958 que
527 2880 879 2956 impendente
913 2901 923 2932 :
958 2878 1031 2930 ibi
1070 2877 1345 2930 civitatem
1384 2873 1686 2948 frequentia
1721 2872 2008 2926 hominum
2043 2872 2118 2926 fe-

387 2984 497 3053 cit,
532 2982 661 3056 qui,
703 2979 770 3033 ad
811 2978 1230 3033 affirmationem
1272 2973 1566 3048 majestatis
1604 2971 1851 3046 undique
1890 2992 2119 3027 concur-

387 3095 591 3152 rentes,
619 3083 674 3134 in
705 3101 768 3135 eo
797 3099 926 3134 saxo
956 3076 1264 3132 consedere.
1297 3077 1475 3147 Atque
1508 3074 1579 3126 ita
1611 3072 1876 3147 templum
1908 3084 1958 3125 et
1991 3072 2119 3125 civi-

388 3195 551 3236 tatem
592 3204 702 3236 non
743 3180 921 3247 muri,
964 3179 1055 3232 scd
1095 3175 1428 3252 praecipitia3
1470 3195 1568 3226 nec
1607 3194 1773 3226 manu
1813 3173 1983 3240 facta,
2024 3170 2115 3224 sed

388 3280 654 3335 naturalia
691 3279 939 3356 praesidia
974 3276 1270 3332 defendunt
1310 3296 1319 3327 τ
1354 3294 1578 3348 prorsus
1611 3285 1670 3325 ut
1710 3273 1977 3326 incertum
2018 3271 2113 3335 sit,
