2315 3868
608 394 939 439 HISTORIAS
979 391 1369 436 PHILIPPICAS.
1761 403 1785 431 2
1798 405 1811 431 1
1825 405 1852 448 9

196 491 480 535 Phrahates.
500 489 688 535 Scilicet
706 498 894 548 quartus
912 489 1009 533 sive
1027 492 1213 532 Arsaces
1232 504 1293 531 xv
1308 521 1319 543 ‚
1338 504 1360 530 a
1379 486 1626 531 Plutarcho
1652 493 1858 548 Φραόρτης

135 567 314 624 dictus,
340 568 400 611 ab
436 567 654 627 Syncello
686 573 905 628 Φραάρτης.

199 645 303 689 Cu».
329 648 386 689 V.
418 646 535 689 Post
561 645 677 688 haec.
703 646 843 687 Anno
879 660 936 702 19
969 660 1008 686 a.
1042 645 1090 687 C.

679 802 750 844 IN
787 801 1071 844 LIBRUM
1108 800 1306 844 XLIII.

203 936 422 996 Origines
456 938 609 981 latinae
648 947 692 981 et
719 953 922 982 romanae
948 953 1002 981 ex
1040 937 1203 980 iisdem
1240 935 1507 980 auctoribus
1546 942 1704 977 sumtae
1732 940 1859 985 sunt,

132 1014 260 1058 unde
291 1030 370 1058 sua
394 1015 546 1059 hausit
578 1016 778 1073 scriptor
807 1016 866 1058 cle
896 1015 1071 1073 origine
1098 1013 1246 1073 gentis
1271 1027 1482 1055 romanoe
1514 1028 1527 1052 .·
1557 1010 1638 1054 sed
1670 1007 1860 1052 difficile

136 1100 204 1135 est
228 1106 308 1134 eos
340 1100 550 1135 accurate
582 1089 794 1135 definire.
819 1093 968 1134 —De
991 1090 1195 1134 Massilia
1227 1105 1326 1147 quae
1360 1096 1634 1140 narrantur,
1670 1101 1725 1128 ex
1751 1085 1859 1127 Ari-

134 1168 303 1212 stotele
334 1183 551 1227 magnam
583 1176 765 1226 partem
795 1167 937 1226 petita
973 1176 1093 1210 sunt.
1132 1168 1202 1209 De
1236 1166 1322 1208 hac
1354 1165 1472 1208 urbe
1500 1164 1770 1222 praeclarum
1804 1161 1861 1203 li-

134 1245 310 1288 bellum
340 1245 523 1304 scripsit
562 1246 786 1289 Henricus
833 1245 1051 1287 Ter-naua·
1089 1260 1102 1284 .·
1135 1244 1343 1285 Historia
1375 1241 1644 1300 reipublica.⁹
1678 1238 1859 1281 Massi-

135 1322 349 1365 liensium
379 1337 411 1364 a
436 1322 704 1380 primordiis
744 1322 812 1363 ad
833 1320 1030 1363 Neronis
1060 1329 1291 1375 tempora,
1326 1318 1586 1375 Gottingae,
1626 1313 1761 1358 1826.
1800 1340 1861 1346 -—

132 1397 344 1455 Liguriae·
357 1397 562 1455 origines
591 1394 746 1438 omisit
771 1394 990 1437 Justinus.

202 1473 307 1516 CAP.
334 1473 371 1515 Ι.
403 1473 553 1515 Tertio
589 1473 734 1514 loco...
769 1471 997 1512 Faunum.
1031 1469 1271 1513 Secundus
1301 1483 1398 1512 esse
1424 1469 1661 1511 ferebatur
1694 1466 1842 1510 Picus.

203 1549 284 1590 Ea:
301 1548 417 1606 filia
449 1548 606 1591 Fauni
642 1556 686 1589 et
721 1547 931 1589 Hercule.
965 1546 1178 1588 Pluribus
1214 1545 1310 1588 haec
1344 1560 1400 1588 ex
1434 1544 1668 1587 veteribus
1700 1551 1864 1585 auclo—

134 1624 266 1667 ribus
297 1624 506 1668 narravit
529 1622 782 1682 Dionysius
808 1621 1071 1677 Halicarn.‚
1094 1624 1202 1664 Ant.
1237 1623 1318 1674 R„
1358 1637 1373 1663 1
1392 1654 1404 1672 ,
1438 1636 1484 1679 p.
1524 1619 1583 1673 34
1612 1635 1711 1678 sqq.

207 1702 312 1744 CAp.
336 1701 422 1744 ΙΙΙ,
458 1699 702 1758 Tarquinii
725 1699 859 1758 regis.
879 1700 912 1741 Ι.
941 1713 978 1741 e.
997 1697 1240 1756 Tarquinii
1258 1696 1427 1753 Prisci,
1454 1712 1492 1740 a.
1520 1696 1614 1739 600
1633 1711 1671 1738 a.
1699 1696 1748 1738 C.
1782 1695 1866 1742 N..

140 1792 234 1836 quo
252 1792 379 1821 anno
396 1776 700 1819 fundamenta
719 1774 937 1817 Massiliae
952 1774 1072 1831 jacta
1087 1782 1206 1816 sunt.
1227 1773 1348 1816 Vide
1365 1774 1611 1827 ΤΕΒΝΑὈΧ,
1624 1787 1670 1830 p.
1697 1786 1753 1815 10
1766 1786 1866 1829 sqq.

202 1853 588 1912 Segobrigiorum.
614 1850 776 1906 Adde,
800 1850 855 1893 iis
888 1865 987 1908 quae
1013 1866 1059 1908 p.
1102 1848 1190 1893 155
1217 1849 1340 1892 dicta
1373 1857 1503 1903 sunt,
1527 1849 1863 1899 ST.—MART1N,

136 1930 338 1972 Histoire
376 1929 459 1971 des
500 1929 696 1980 Gaules,
728 1928 823 1970 vol.
858 1943 920 1984 11,
949 1942 994 1985 p.
1038 1924 1163 1981 3653
1201 1927 1484 1979 Boucmum,
1513 1923 1865 1983 Chorograplzie

139 2005 198 2048 de
227 2006 481 2056 Provence‚
515 2021 560 2063 p.
594 2001 682 2047 185
716 2018 846 2062 sqq.;
872 2005 1120 2058 ΡΑΡΟΝΕΜ,
1147 2003 1347 2045 Histoire
1377 2002 1436 2043 de
1466 2001 1717 2052 Provence,
1754 2007 1785 2041 t.
1825 2014 1869 2052 1,

142 2096 188 2139 1>-
216 2088 325 2140 499·

213 2159 390 2217 Gyptis.
416 2159 553 2216 Apud
581 2158 884 2202 Aristotelem
907 2165 1047 2204 Πέττα
1077 2156 1214 2199 dicta.

211 2235 389 2277 Multas
420 2235 642 2278 colonias.
675 2235 803 2289 Quas
838 2234 988 2276 multo
1024 2233 1207 2291 plenius
1232 2240 1275 2274 et
1309 2230 1477 2274 rectius
1511 2244 1648 2288 quam
1683 2225 1867 2270 Raoul-

142 2310 417 2354 Rochettius
448 2311 680 2354 recensuit
724 2311 940 2353 Temaux
970 2308 1027 2352 de
1051 2307 1226 2351 Massil.
1257 2322 1302 2365 p.
1330 2305 1389 2366 89
1423 2321 1522 2365 sqq.

209 2387 315 2430 CAP.
351 2388 431 2430 IV.
462 2387 533 2430 De
558 2386 848 2430 commerciis
883 2384 1244 2429 Massiliensium
1273 2399 1376 2427 cum
1400 2382 1569 2436 Gallis,
1594 2380 1701 2424 vide
1734 2382 1867 2423 TER-

145 2478 299 2518 NAux,
330 2479 376 2522 p.
420 2478 480 2522 79
520 2479 651 2522 sqq.‚
695 2472 739 2506 et
765 2479 863 2521 quae
896 2462 971 2506 hic
999 2463 1093 2506 illic
1117 2477 1272 2521 sparsa
1308 2470 1413 2504 sunt
1444 2459 1492 2502 in
1526 2458 1714 2517 egregio
1747 2458 1870 2500 libro

144 2541 427 2584 Rnommm
445 2575 456 2596 ‚
486 2530 774 2584 l’Economie
789 2542 871 2582 des
891 2540 1037 2584 Celtes
1054 2573 1068 2592 ,
1109 2539 1243 2583 1818.

211 2618 534 2661 Floralz‘orum.
568 2616 643 2660 Sic
671 2618 856 2674 Trogus
885 2616 1030 2659 'latine
1067 2615 1294 2673 expressit
1329 2614 1495 2658 festum
1525 2627 1724 2671 graecum
1757 2612 1874 2659 Ᾱνθε-

148 2700 330 2756 στηρίων.
363 2693 488 2736 Male
524 2702 678 2736 autem
708 2692 843 2736 multi
867 2708 922 2736 ex
952 2693 1042 2735 hoc
1083 2693 1187 2734 loco
1221 2692 1408 2735 Floram
1441 2689 1578 2733 deam
1605 2688 1872 2731 tribuerunt

146 2769 528 2813 Massiliensibus.
554 2769 676 2813 Vide
703 2766 933 2812 TERme
953 2802 964 2822 ‚
995 2784 1038 2826 p.
1078 2767 1133 2811 61
1171 2783 1271 2825 sqq.

211 2847 314 2891 CAP.
334 2848 390 2889 V.
423 2846 535 2889 Cum
560 2847 787 2905 Hispanis
814 2846 1068 2888 amicitiam
1080 2844 1354 2898 junxerunt.
1385 2843 1443 2885 Et
1463 2841 1670 2885 colonias
1696 2856 1751 2884 eo
1776 2855 1873 2883 non

147 2937 317 2981 paucas
353 2923 665 2967 deduxerunt.
701 2922 821 2966 Vide
848 2923 1108 2977 ΤΕΒΝΑΠΧ,
1134 2937 1179 2979 p.
1205 2918 1265 2979 95
1303 2935 1403 2978 sqq.

216 2998 307 3041 Sub
343 2999 458 3043 Caio
486 3000 688 3044 Coesare.
721 2999 810 3042 Illo
846 3006 893 3041 ut
916 2997 1100 3041 videtur
1128 3006 1368 3054 tempore,
1402 3010 1494 3054 quo
1518 2994 1594 3037 hic
1618 2994 1870 3038 Galliarum

149 3061 409 3133 proconsul
437 3085 547 3118 erat.

714 3163 781 3204 IN
820 3160 1096 3203 LIBRUM
1133 3159 1325 3202 XLIV.

214 3300 270 3342 In
316 3299 388 3342 his
421 3299 681 3357 originibus
715 3298 949 3357 Hispaniae
981 3298 1121 3340 alium
1150 3312 1206 3340 ex
1242 3295 1431 3339 vetustis
1474 3293 1739 3338 auctoribus
1774 3308 1871 3334 non

151 3376 374 3431 invenio,
424 3391 516 3434 quo
557 3391 665 3419 usus
705 3391 801 3419 esse
842 3369 987 3434 possit
1022 3374 1295 3433 PompeiuS,
1337 3381 1503 3431 praeter
1543 3371 1873 3430 Asclepiadem
